2960 5064
1145 335 1194 416 51

131 555 238 597 nutam
257 532 364 617 idque.
380 532 508 616 plenum
536 531 707 602 dominium
736 555 822 596 nnnc
849 541 916 598 esse
944 534 1107 614 voluisset,
1128 537 1197 603 ¹rel

131 640 306 702 vindicatio
328 639 366 700 ad
396 638 644 720 persequendam
673 637 847 700 dominium
868 639 1072 714 Qniritarinm
1103 641 1198 706 desti.-

130 753 209 806 nata
229 743 316 810 nudo
335 743 407 826 jure
429 743 597 816 Quiritium
619 743 740 806 sublato
759 740 924 827 interiret,
966 763 1091 809 necesse
1120 758 1196 812 erat.

130 847 228 908 'Unde
249 849 364 909 factum
386 856 449 922 est,
490 857 527 910 ut
548 848 632 929 quod
653 857 742 910 antea
763 849 934 910 dominium
955 849 1058 912 fuerat
1079 853 1197 915 bonite·

128 954 233 1029 aium,
253 973 341 1014 nunc
361 953 488 1034 plenum
516 962 595 1014 esset
615 951 796 1015 dominium.
838 952 943 1035 ltaque
964 953 999 1015 in
1019 954 1123 1018 locum
1142 977 1197 1020 en·

129 1059 240 1140 tiqnae
262 1060 310 1120 rei
331 1047 549 1120 vindicationis
570 1077 605 1118 ao
627 1058 826 1120 Publicianae
846 1059 974 1121 actionis
995 1077 1060 1123 nna
1079 1081 1197 1124 succes·

128 1165 174 1224 sit
194 1164 230 1224 in
251 1183 319 1225 rem
341 1163 420 1224 actio
441 1163 509 1225 sive
529 1161 717 1240 vindicatio,
759 1163 795 1224 in
824 1183 886 1246 qua
913 1163 1013 1242 idern,
1057 1166 1142 1248 qnod
1160 1166 1198 1228 ira

132 1269 262 1350 antiqua
283 1271 403 1331 actione
424 1266 620 1351 Publiciana,
640 1290 660 1333 a
680 1267 814 1349 petitore
835 1267 1028 1351 probandum
1050 1278 1113 1350 est,
1134 1277 1199 1333 be·

136 1373 212 1434 ditio
233 1373 283 1440 rei
302 1374 386 1457 justa
406 1393 496 1434 causa
516 1372 719 1453 praecedente
741 1374 829 1435 saeta.
892 1371 995 1453 Atque
1018 1392 1054 1434 ea
1074 1384 1199 1438 senten·

134 1478 178 1540 tia
199 1488 261 1540 tam
283 1477 419 1560 vulgari,
447 1497 540 1558 quam
561 1474 785 1540 Tbibautianae
806 1477 1021 1559 anteponenda
1042 1498 1108 1541 esse
1129 1479 1200 1560 plu·

131 1585 222 1646 ribus
245 1583 422 1663 videbitnr;
456 1582 548 1659 huic,
582 1581 657 1662 quia
676 1603 766 1646 reum
788 1583 968 1645 necessitate
989 1582 1141 1664 probandi
1161 1583 1201 1644 li-

129 1691 238 1766 berat,
274 1697 431 1750 auctorem
451 1686 593 1768 petitoris
614 1686 798 1750 non—fuisse
817 1685 996 1750 dominum:
1022 1686 1090 1767 illi,
1125 1687 1200 1770 qnia

128 1803 222 1856 actor
250 1814 376 1856 necesse
405 1813 471 1870 non
499 1791 592 1854 babet
627 1792 807 1873 diabolicam
843 1791 948 1856 subire
984 1793 1199 1876 probationem

129 1907 244 1960 contra
265 1897 494 1976 adversarium,
537 1907 662 1979 praeter
690 1896 912 1980 possessionem
933 1895 1016 1959 nibil
1043 1897 1123 1980 juria
1145 1895 1202 1958 ba-

132 2004 269 2066 bentem.
313 2002 522 2085 Argumenta,
559 2021 638 2082 quae
663 2003 709 2066 Ol.
732 2001 895 2064 Hanscnnu
915 2001 1064 2084 protulit,
1092 2000 1200 2082 grana

133 2111 202 2169 es'sa
229 2108 321 2168 facile
349 2108 481 2189 quisque
510 2107 703 2169 concesserit.
768 2107 888 2182 Quibus
918 2126 990 2167 cum
1017 2103 1201 2188 adjunxerit
1287 2099 1290 2107 ’

128 2211 228 2275 etiam
249 2229 374 2289 eorum,
415 2231 494 2292 qnae
516 2211 553 2272 ab
575 2209 758 2276 adversariis
780 2210 875 2295 objici
896 2217 1035 2292 possent,
1076 2208 1202 2270 aarum·

129 2318 268 2392 tionem,
303 2315 374 2378 fieri
394 2337 462 2386 non
482 2325 601 2399 potest,
626 2315 717 2398 ,quin
747 2315 785 2379 de
806 2313 902 2397 bajus
924 2312 1203 2376 sententiae’veri·

131 2430 198 2490 tate
219 2421 364 2503 plerique
384 2421 444 2483 sibi
471 2420 683 2503 persuadeant
748 2417 782 2480 ld
811 2417 889 2490 mibi
918 2439 1060 2502 quoque,
1081 2497 1082 2504 ἵ
1103 2437 1202 2500 quum

136 2526 186 2591 Ol.
207 2523 396 2588 Hanscnam
417 2525 715 2588 dissertatiunculam
736 2525 888 2607 legerem,
927 2523 1075 2588 lubenter
1102 2524 1204 2584 fateor

133 2628 307 2710 contigisse.
359 2630 405 2694 Re
425 2639 530 2694 tamen
559 2630 737 2712 diligentius
759 2628 951 2691 considerata
978 2621 1202 2691 in‘nonnullss

137 2729 232 2792 incidi
253 2733 476 2813 dubitationes,
504 2756 583 2818 quae
604 2755 655 2797 me
677 2735 855 2796 etiamnunc
876 2731 1059 2814 probibent,
1082 2729 1205 2812 quomi-

138 2856 199 2904 nus
218 2836 292 2898 buio
320 2825 491 2902 senientiae
522 2839 662 2902 accedam
692 2839 784 2919 eique
812 2858 888 2918 prae
917 2834 1040 2917 vulgari
1068 2834 1203 2895 tribuam

136 2942 392 3024 praerogativam.
434 2944 515 3019 Quas
536 2964 622 3005 nunc
644 2965 681 3014 eo
702 2959 875 3024 proponam
903 2939 1053 3020 consilio,
1096 2945 1134 2997 ut
1154 2935 1206 2998 vi-

133 3066 189 3111 ros
210 3057 335 3110 nostrae
357 3048 432 3110 artis
453 3049 572 3132 peritos
601 3048 641 3110 ad
667 3046 821 3131 judicium
850 3044 889 3106 de
918 3043 1081 3120 omnibus,
1123 3060 1203 3121 quae

132 3159 244 3216 nostra
263 3152 415 3216 memoria
436 3152 475 3215 de
494 3154 676 3237 probatione
698 3149 829 3214 dominii
849 3148 965 3232 scripta
984 3156 1074 3225 sunt,
1100 3143 1205 3228 seren-

134 3255 212 3324 dum
234 3255 398 3342 adhortor,
441 3267 527 3342 grato
556 3260 659 3320 animo
689 3249 868 3344 agniturus.
909 3253 937 3316 si
966 3272 1047 3314 meas
1076 3266 1203 3334 quoque

137 3358 197 3421 bac
217 3359 257 3423 de
278 3382 314 3424 re
335 3363 534 3446 cogitationes
555 3364 613 3426 sub
642 3379 807 3426 censuram
836 3345 1029 3422 vocaverint.

604 3569 637 3656 r.
681 3565 736 3636 10.

227 3687 359 3774 'Legem
388 3711 441 3756 un.
475 3691 511 3756 0.
539 3690 579 3752 de
614 3688 699 3750 nudo
727 3691 807 3770 jura
843 3680 1019 3766 Quiritium
1056 3675 1203 3744 tollendo.

138 3791 207 3858 Vll.
230 3803 303 3880 25„
345 3794 480 3857 concedo
501 3794 646 3878 equidem
667 3791 799 3854 dominii
819 3788 983 3864 Quiritan'i
1003 3807 1038 3848 ac
1058 3777 1205 3848 bonitarii

138 3900 305 3964 discrimen
325 3901 500 3982 sustulisse,
522 3919 581 3961 nec
601 3919 679 3962 vero
701 3917 768 3960 eam
789 3895 856 3958 vim
875 3893 1034 3969 babuisse,
1055 3897 1093 3950 ut
1112 3902 1199 3950 nunc

120 4003 335 4086 'quintanam
357 4013 424 4069 erat
444 4004 633 4086 dominium,
672 4023 736 4064 una
756 4000 849 4062 etiam
870 4005 950 4060 esset
969 3996 1005 4056 in
1026 4012 1094 4056 rem
1115 3985 1212 4088 aotiop

140 4129 183 4172 ex
205 4109 254 4172 rei
273 4110 483 4173 vindicatione
504 4129 540 4170 ac
560 4106 739 4170 Publiciana
758 4103 879 4168 actione
900 4099 1045 4166 conflata.
1066 4093 1206 4156 Primnm

141 4213 228 4276 enim
249 4213 345 4300 bajus
364 4213 413 4278 rei
432 4215 469 4278 in
497 4210 718 4276 constitutione
745 4206 868 4273 laudata
897 4202 1016 4369 nepti:
1030 4243 1032 4250 -
1044 4193 1081 4260 fit
1102 4191 1204 4258 *nube
