2960 5064
1143 390 1189 466 21

137 611 244 683 quum.
262 597 346 660 illud
373 603 614 679 praesumatur,
657 593 736 656 lieet
756 589 875 680 'aliena
898 610 951 672 res
976 593 1117 678 vendita
1138 593 1192 656 sits

135 702 227 765 Illud
247 711 352 764 tamen
371 700 454 779 legis
474 697 623 758 'laudatae
651 704 838 774 argumento
870 693 1053 771 adversari,
1096 713 1191 757 nemo

140 805 219 880 erit,
259 803 315 884 qui
335 819 454 880 negare
477 798 601 860 audeat.
644 795 755 878 ltaque
776 797 804 856 si
818 815 873 858 ne
897 795 969 856 cedi
991 795 1120 877 quidem
1143 794 1194 857 rei

125 895 316 968 ¹vindicatio
340 899 456 964 emtori
477 899 571 961 aliter
590 908 718 982 potest,
755 897 898 984 quamsi
916 895 1124 960 venditorem
1144 895 1196 957 rei

138 1004 310 1068 dominum
332 1022 401 1065 esse
424 1003 624 1081 constiterit5
670 998 773 1085 (quod
795 999 833 1060 ab
858 1016 896 1057 eo
917 1000 1124 1080 probandum
1146 987 1199 1058 est

136 1107 248 1188 prius,
284 1122 376 1187 quam
396 1102 554 1165 actionem
573 1104 609 1166 in
630 1113 788 1165 amtorem
807 1100 994 1184 transferat)
1027 1098 1193 1184 quomodo

139 1208 212 1290 ejus
234 1206 426 1286 dominium,
447 1203 476 1265 si
497 1213 603 1266 emtor
625 1225 744 1267 revera
760 1221 830 1266 rem
849 1201 1075 1280 vindicaverit,
1096 1221 1198 1285 prae-⁴

136 1327 269 1386 ¹surrsere
283 1308 325 1369 in
344 1307 495 1370 frondem
513 1307 715 1389 possessoris
743 1304 878 1366 ncebitt
942 1306 989 1366 Ao
1012 1305 1091 1368 mihi
1122 1303 1197 1386 qui-

130 1407 215 1469 dem
233 1409 316 1470 nihil
336 1409 471 1470 videtur
491 1407 667 1488 iuteresse,
710 1416 820 1470 utrum
844 1416 949 1469 emtor
977 1407 1198 1470 vindicatione

139 1511 188 1574 uti
212 1511 310 1589 velit,
329 1521 504 1593 postquam
527 1529 596 1574 eam
615 1512 749 1574 cessarit
768 1507 940 1593 venditor,
970 1531 1011 1572 an
1030 1509 1198 1574 vindicare

137 1611 209 1672 sine
231 1613 389 1676 cessione.
431 1611 540 1678 Primo
565 1633 641 1674 casu
662 1611 798 1676 dominii
812 1612 1041 1691 probationem
1061 1611 1099 1670 ab
1114 1628 1198 1670 ven-

139 1713 249 1804 ditore
271 1725 377 1776 emtor
399 1713 513 1794 exigit,
551 1723 590 1776 ut
609 1716 706 1794 sciat,
743 1732 778 1772 se
795 1712 846 1773 rei
866 1707 1204 1777 vindicationeinsti·¹

139 1824 212 1876 tuta
232 1817 406 1880 victoriam
428 1834 498 1876 ease
519 1825 782 1897 reportaturum:
813 1815 955 1878 seeundo
981 1835 1074 1892 reus,
1097 1833 1116 1872 a
1135 1829 1200 1892 quo

139 1937 212 1980 rem
232 1917 327 2000 petiit
347 1926 466 1995 emtor,
508 1918 646 2001 probari
675 1921 714 1980 ab
746 1935 784 1977 eo
810 1918 990 1980 dominium
1016 1912 1201 1992 venditoris

142 2019 304 2099 postulat,
323 2019 397 2102 quia
417 2017 541 2102 petitor
562 2021 601 2082 ab
625 2039 665 2080 eo
684 2040 755 2082 rem
777 2018 856 2080 dicit
878 2039 913 2080 se
937 2021 1107 2106 recepisse.
1146 2012 1205 2076 Sin

144 2140 222 2200 ergo
245 2131 351 2182 certus
377 2139 445 2180 esse
465 2119 561 2182 debet
591 2130 697 2182 emtor
726 2131 800 2184 ante
829 2139 923 2200 quam
950 2140 1021 2182 rem
1050 2103 1205 2192 vindicet,

144 2221 314 2284 dominum
338 2222 409 2306 ejus
428 2221 530 2282 luisse
556 2222 781 2303 venditorem,
826 2223 900 2305 quia
931 2221 1026 2282 aliter
1054 2219 1207 2282 sindica·¹

143 2324 236 2384 tione
256 2325 305 2386 uti
326 2346 396 2387 non
415 2331 543 2404 potest,
563 2343 632 2386 non
656 2336 806 2408 apparet,
829 2324 908 2407 quid
934 2343 1047 2385 causae
1067 2324 1127 2404 sit,
1148 2307 1207 2380 our

143 2424 180 2486 id
204 2425 292 2486 nolit
320 2427 481 2508 probare,
523 2425 615 2507 quod
643 2427 686 2488 ad
719 2429 963 2490 fundamentum
993 2424 1108 2506 agendi
1136 2422 1206 2484 sine

142 2527 213 2586 ulla
236 2526 438 2590 dubitatione
456 2527 611 2610 pertinet.
652 2527 730 2592 Eam
750 2533 853 2613 ipsam
878 2529 921 2590 ob
943 2548 1070 2590 oausam
1092 2526 1128 2584 in
1151 2543 1206 2583 ar-

144 2628 244 2690 bitrio
272 2628 404 2691 emtoris
429 2639 495 2708 est,
524 2638 634 2690 utrum
655 2651 725 2692 rem
745 2631 929 2711 vindicare,
957 2651 998 2690 au
1020 2625 1209 2688 Publiciana

147 2729 274 2788 actione
294 2740 405 2811 petere
426 2732 535 2798 malit:
560 2733 699 2796 alterum
720 2733 825 2814 saciet,
846 2735 874 2795 si
895 2741 984 2796 certo
1013 2724 1211 2798 eonstiterit,

147 2829 219 2890 sive
241 2848 301 2910 per
327 2831 435 2911 ipsum
459 2833 681 2917 venditorem,
722 2835 792 2894 sive
819 2833 967 2908 aliunde,
1012 2824 1208 2892 rem'iuisse

147 2929 332 2992 venditoris
351 2932 540 3014 propriam:
585 2933 741 3018 alterum,
784 2935 814 2999 si
843 2932 1001 3013 cognosci
1027 2927 1114 2992 illud
1141 2945 1210 2998 nou

146 3041 266 3114 potest.

623 3215 655 3301 s.
698 3211 753 3282 17.

232 3341 316 3407 Tum
338 3346 549 3431 exceptionis
562 3353 613 3414 rei
634 3353 787 3416 venditae
813 3361 846 3412 et
867 3349 1004 3413 traditae
1025 3349 1132 3426 neque
1156 3361 1212 3404 ra-

150 3451 213 3508 tio'
231 3467 338 3526 neque
354 3438 538 3514 *necessitas
571 3453 785 3535 intelligitur,
828 3453 857 3512 si
885 3454 925 3513 ab
954 3471 1012 3526 eo,
1056 3448 1112 3528 qui
1140 3462 1211 3505 rem

153 3545 290 3608 alienam
316 3547 478 3628 vendidit,
519 3570 669 3631 eamque,
706 3553 782 3632 quia
807 3550 986 3621 dominium
1016 3556 1131 3631 postea
1154 3563 1209 3606 ae-

153 3647 305 3730 quisivit,
335 3649 375 3708 ab
398 3659 523 3711 emtore
546 3651 707 3731 vindieat,
733 3653 885 3734 probatio
912 3651 1047 3712 dominii
1070 3643 1213 3709 auctoris

151 3772 220 3812 non
243 3750 393 3830 exigitur.
422 3748 504 3812 Nam
527 3772 569 3812 ex
585 3753 668 3837 juris
690 3754 801 3834 rigore
820 3754 880 3817 vix
899 3753 1071 3817 victoriam
1090 3739 1213 3828 repor-

152 3853 233 3914 tabit
253 3851 425 3929 venditor,
448 3853 504 3937 qui
524 3874 592 3916 eam
614 3877 684 3916 non
699 3859 840 3940 perfecit
859 3855 1102 3939 probationem.¹
1127 3847 1214 3928 'iota

71 3981 82 3994 ·
153 3953 336 4017 venditoris
364 3955 449 4018 aetio
481 3957 670 4036 annititur,
714 3962 789 4041 quia
817 3979 870 4021 res
897 3957 936 4017 ab
970 3976 1010 4017 eo
1043 3972 1087 4014 ex
1113 3947 1212 4008 titulo

156 4055 293 4117 dominii
312 4064 428 4134 postea
449 4058 599 4138 acquisiti
621 4060 817 4127 vindicatur.
858 4057 952 4120 Unde
984 4058 1212 4120 demonstran-

156 4158 234 4220 dum
257 4166 323 4234 est,
362 4173 450 4235 eum,
488 4178 508 4218 a
526 4179 591 4240 quo
613 4160 791 4223 dominium
812 4169 889 4242 post
907 4151 1133 4223 venditionem
1151 4147 1211 4206 vac·

158 4257 343 4342 quisiverit,
384 4257 486 4324 fuisse
507 4279 627 4326 rerum
652 4263 704 4330 rei
725 4263 900 4325 dominum.
942 4261 1112 4341 'Quonon-
1129 4268 1213 4340 pro·
1326 4313 1331 4330 .
