2960 5064
229 399 235 410 “
281 387 338 460 ’20

288 589 374 652 sario
396 583 602 671 probandum
622 592 686 663 est,
708 573 779 647 rein
798 583 861 647 arti
882 583 1033 648 traditam
1055 582 1156 646 fuisse
1180 582 1355 658 anctor5s3

287 691 377 774 quod
402 692 430 750 si
451 708 519 750 non
539 686 670 765 fecerit,
692 707 734 748 ne
758 686 880 770 justum
904 686 1034 768 quidem
1058 685 1190 746 titulum
1211 683 1357 746 videbi-

286 802 341 852 tur
358 788 569 871 probavisse,
605 788 679 870 qnia
700 788 896 870 permutatio
918 788 1023 869 justus
1051 787 1237 850 traditionis
1262 786 1356 850 titu-

286 893 338 956 lus
357 911 427 952 non
448 899 513 969 est,
535 889 563 952 si
589 910 642 953 res
665 890 735 974 ejus
757 889 925 970 nonfuit,
946 889 1004 971 qui
1025 907 1094 953 eam
1114 889 1257 954 tradidit

683 1045 688 1054 ’
754 1075 786 1162 n.
825 1075 879 1142 se.

370 1197 497 1260 Deinde
524 1198 633 1280 legam
661 1197 853 1262 auctoritate
889 1196 1090 1259 contendere
1124 1197 1221 1261 nobis
1258 1200 1354 1278 licet,
1458 1231 1459 1234 ¹

288 1302 339 1364 rei
359 1301 615 1364 vindicationem
634 1311 766 1384 praeter
794 1301 961 1364 dominum
990 1300 1169 1362 transferre
1197 1302 1233 1362 in
1263 1303 1355 1361 alte·

288 1424 362 1464 rum
383 1423 482 1484 posse
503 1405 674 1468 neminem.
741 1401 839 1477 Quod
867 1402 1045 1464 sententiae
1064 1399 1306 1464 'Thibautianae
1333 1423 1354 1464 e

290 1506 456 1566 contrario
486 1515 663 1586 repugnat,
709 1516 742 1568 et
772 1527 791 1568 a
821 1506 907 1566 Guo
935 1503 1035 1566 Libro
1059 1503 1099 1566 X.
1128 1505 1169 1566 ad
1191 1503 1353 1580 ¹Edictum
1459 1493 1460 1564 s

287 1603 496 1668 Provinciale
518 1608 694 1688 probatur,
716 1608 773 1690 qui
797 1607 833 1669 in
849 1611 891 1668 L.
916 1610 967 1672 3⁵.
994 1607 1019 1689 i
1045 1610 1076 1670 4.
1098 1610 1143 1672 D.
1165 1610 1204 1670 de
1224 1623 1355 1670 contra-
1459 1605 1460 1624 ¹

287 1706 394 1768 denda
422 1711 561 1772 emtione.
589 1709 750 1774 xv111.1.
780 1709 860 1772 haec
883 1710 1012 1774 scribit:

333 1845 371 1904 Si
391 1867 441 1930 ree
461 1845 593 1908 vendita
611 1869 670 1929 per
692 1850 824 1931 furtum
839 1850 988 1934 perierit,
1027 1853 1119 1932 prius
1149 1845 1355 1910 animadver-

332 1948 463 2008 tendum
483 1951 560 2022 erit,
598 1953 678 2032 qnid
697 1957 778 2013 inter
802 1973 850 2012 eor
873 1949 1050 2034 (emtorem
1074 1961 1105 2013 et
1127 1951 1352 2034 venditorem)

330 2051 371 2112 de
391 2053 538 2112 custodia
558 2057 606 2112 rei
626 2069 820 2118 convenerat.
888 2053 926 2114 Si
952 2054 1035 2116 nihil
1059 2065 1215 2138 appareat
1243 2077 1353 2114 conve-

332 2157 433 2234 nicae,
463 2155 541 2216 talia
562 2160 709 2220 custoditi
729 2155 940 2219 desideranda
961 2171 1007 2218 est
1026 2182 1048 2219 a
1069 2158 1244 2237 venditore,
1273 2179 1354 2241 qua-2
1461 2183 1462 2206 ι

332 2257 396 2316 iem
418 2259 514 2318 bonus
533 2261 772 2341 paterfamilias
795 2265 887 2326 rebus
913 2265 980 2321 suis
1008 2263 1153 2324 adhibet.-
1197 2285 1294 2346 quarn
1320 2267 1353 2325 ai

327 2363 525 2438 praestiterit
547 2374 577 2420 et
599 2376 704 2426 tamen
728 2387 795 2425 rem
810 2363 967 2445 perdidit,
1007 2387 1138 2428 securus
1161 2388 1227 2426 ease
1255 2368 1350 2442 debet,

334 2473 370 2519 ut
398 2473 504 2521 tamen
532 2463 780 2528 vindicationem
809 2471 856 2527 rei
892 2479 922 2528 et
954 2469 1182 2532 condictionem
1208 2471 1350 2533 exhibeat

333 2566 452 2627 emtori.
519 2565 613 2634 ¹{inerte
635 2571 807 2632 videbimus
825 2573 861 2629 in
876 2593 1045 2650 personam
1065 2579 1151 2652 ejus,
1195 2578 1252 2658 qui
1272 2577 1350 2637 alr'e-

334 2688 411 2726 nam
432 2689 499 2726 rem
519 2669 714 2732 vendiderit:
744 2695 817 2733 cnm
834 2676 863 2732 ia
884 2674 1006 2733 nnllam
1026 2677 1273 2739 vindicationem
1293 2694 1349 2740 cut

334 2767 562 2830 condictionem
588 2771 704 2835 debere
721 2779 841 2858 possit,
885 2775 922 2835 ob
953 2774 990 2838 id
1016 2783 1119 2861 iprum
1151 2781 1349 2844 damnandus

333 2884 389 2952 eat,
411 2877 506 2954 quio,
528 2880 557 2935 ai
578 2898 671 2937 anam
688 2902 754 2940 rem
775 2877 985 2962 vendidisset,
998 2890 1152 2964 potenter
1174 2907 1229 2946 eas
1250 2892 1349 2948 actio-s

333 2997 388 3036 nea
410 2975 457 3035 od
476 2991 624 3040 emtorem
646 2985 832 3066 transferre.

290 3109 416 3183 Quibus
446 3114 557 3174 verbis
586 3118 626 3176 de
655 3120 793 3182 dominii
821 3125 1018 3205 probatione
1045 3125 1128 3186 nihil
1156 3128 1350 3194 continetur.¹

289 3211 509 3272 Nihilosecius
529 3215 608 3276 inde
635 3221 834 3302 ostenditur,
869 3225 920 3286 rei
937 3225 1192 3292 vindicationem
1216 3232 1255 3293 ab
1276 3234 1351 3312 alio,

289 3319 516 3393 praeterquam
538 3337 558 3376 a
584 3319 736 3400 domino,
779 3325 851 3388 cedi
874 3327 969 3388 alteri
995 3348 1065 3390 non
1087 3351 1196 3412 posse.
1249 3303 1350 3408 Quam

293 3412 450 3492 obrem,
493 3415 523 3475 si
552 3419 690 3482 alienam
715 3443 787 3486 rem
810 3426 944 3492 tradidit
972 3432 1145 3516 venditor,
1184 3437 1349 3499 vindicare

292 3531 363 3573 eam
390 3525 497 3606 emtor
518 3542 589 3584 non
606 3532 729 3613 potest
772 3525 843 3590 Jam
861 3549 944 3594 vero
967 3534 1092 3598 nullam
1113 3539 1274 3604 rationem
1296 3542 1350 3602 ri·
1408 3555 1414 3576 ¹

293 3611 375 3691 deo,
420 3639 482 3696 qua
508 3621 595 3694 illud
617 3645 690 3689 cum
713 3632 872 3694 sententia
896 3635 935 3696 ab
962 3639 1015 3700 Ill.
1039 3637 1200 3703 Τιιιιιιιι
1219 3662 1349 3724 propo*

293 3713 355 3772 sita
375 3719 616 3785 conciliandum
640 3746 711 3787 esse
734 3733 895 3794 videatur.
940 3735 990 3799 Ex
1011 3761 1049 3802 ea
1075 3744 1161 3804 enim
1182 3742 1348 3809 sinendi

291 3814 374 3874 toris
398 3815 579 3900 dominium
598 3844 878 3912 praesumeretur,
899 3839 978 3918 quid
996 3841 1170 3924 impediret
1185 3855 1349 3924 amtorem,

292 3917 465 3996 quominus
498 3942 567 3984 earn
596 3946 667 3989 rem
696 3933 892 4014 vindicaret,
937 3949 969 4000 et
998 3944 1077 4022 quid
1099 3945 1242 4008 referret
1270 3947 1347 4029 ejus,

291 4025 403 4080 utrum
438 4042 509 4086 rem
542 4031 711 4110 propriam
749 4054 790 4094 an
827 4036 965 4102 alienam
1001 4044 1086 4106 alter
1124 4046 1347 4128 vendidisset?

245 4129 249 4137 ¹
290 4111 384 4177 Nihil
404 4125 569 4200 profecto.
611 4129 703 4193 Unde
724 4153 766 4194 ne
787 4135 823 4196 in
846 4140 993 4204 cessione
1013 4146 1142 4224 qssidem
1164 4151 1215 4212 rei
1234 4151 1345 4213 vindi-

290 4217 426 4282 cationis
458 4223 499 4286 de
531 4230 713 4302 venditoris
748 4235 894 4302 dominio
938 4248 1081 4326 quaestio
1114 4243 1195 4315 oriri
1226 4262 1345 4338 potest,
