2928 5068
288 335 339 414 98

288 542 481 630 petitorem,
520 555 563 599 ne
585 531 709 600 isu'strs
732 532 894 600 sotionem
913 532 948 598 ie
967 549 1038 596 rem
1059 527 1224 612 instituet,
1262 551 1350 617 pso·

276 621 370 715 :bare
392 642 534 719 debere,
555 636 780 700 adversarium
802 644 859 698 eut
882 633 1070 718 possidere,
1092 643 1148 696 sut
1162 633 1245 696 dolo
1260 633 1350 696 melo

290 744 463 836 possidere
490 739 635 802 desiisse.
697 738 799 820 igitur
823 736 977 820 probatio
1006 737 1078 800 doli
1106 738 1287 804 adversarii
1316 736 1354 798 in

289 855 402 914 locum
424 842 568 904 succedit
585 840 790 923 probotionis
803 840 1022 921 possessionis
1040 849 1136 924 etque
1156 841 1242 904 nihil
1263 837 1355 900 eliud

294 963 359 1029 est,
400 964 495 1029 quem
515 935 605 1026 quid
628 943 730 1026 vulgo
765 940 900 1020 dicitur,
935 942 1125 1024 legitimatio
1155 942 1197 1005 sd
1224 959 1355 1002 csusem

293 1027 441 1142 passive..
493 1043 686 1108 Necessitati
711 1027 1035 1124 dominii'probandi
1057 1043 1215 1106 adversus
1242 1039 1355 1102 fictum

292 1169 520 1240 possessorem
540 1145 700 1228 objecerit
724 1144 900 1228 quispiam,
939 1142 1015 1208 ideo
1040 1165 1079 1208 eu
1101 1145 1277 1228 petitorem
1295 1141 1354 1212 vi-

293 1255 366 1320 deri
392 1248 616 1327 liberandum,
656 1243 747 1330 (iuis,
789 1247 869 1309 licet
903 1266 927 1336 ss⁸
950 1244 1028 1309 ficto
1058 1267 1253 1330 possessore
1286 1244 1356 1336 litis

235 1359 239 1368 '
283 1349 550 1422 'aestimationem
572 1348 786 1434 jurejurando
816 1350 853 1412 in
879 1347 971 1412 litem
996 1348 1159 1414 definitam
1184 1348 1358 1430 receperit,
1461 1339 1463 1408 i

296 1485 316 1523 s
339 1457 422 1522 ver‘o
444 1433 552 1516 iumen
573 1453 708 1536 insuper
726 1471 918 1536 possessore
942 1471 1029 1528 rem¹
1046 1456 1154 1534 possit
1174 1451 1357 1526 vindicare,

290 1557 331 1624 'et
352 1541 469 1630 contra
490 1573 564 1616 eum
587 1554 767 1616 dominium
794 1555 938 1636 probare
967 1555 1094 1618 debeat.
1159 1552 1259 1636 Atqui
1284 1552 1358 1620 litis

295 1658 475 1726 aestimatio
506 1676 526 1720 e
552 1653 629 1718 ficto
659 1673 855 1740 possessore
888 1653 1030 1740 petitori
1054 1655 1216 1720 solvende
1246 1676 1360 1740 poene

296 1763 428 1848 quidem
450 1757 608 1838 delicet,
643 1776 707 1819 nec
726 1755 810 1820 vero
833 1747 1026 1842 infligenda,
1054 1745 1119 1819 nisi
1141 1758 1184 1820 de
1205 1758 1359 1846 dominio

292 1860 446 1950 petitoris
466 1870 611 1940 constat,
630 1881 694 1924 nec
710 1869 804 1956 ector
819 1861 913 1940 queri
925 1867 1053 1942 potest,
1072 1860 1232 1924 adversus
1245 1859 1362 1922 iictuns

295 1983 520 2050 possessorem
557 1963 754 2044 probatione
785 1961 922 2024 dominii
949 1980 1022 2024 sese
1063 1965 1213 2044 onerari,
1256 1983 1363 2044 qustm

294 2089 366 2130 rem
389 2069 428 2128 eb
453 2083 514 2144 eo,
535 2063 630 2126 sicus
650 2083 671 2125 a
689 2084 774 2127 vero
793 2081 987 2146 possessore
1005 2076 1232 2152 persequetur.
1268 2063 1366 2128 illud

296 2170 382 2232 enim
402 2165 487 2228 ferri
505 2187 574 2228 non
603 2151 731 2250 potest,
770 2170 910 2250 probato
938 2166 1019 2228 dolo
1051 2164 1233 2232 adversarii
1260 2170 1366 2254 etiarn

292 2271 364 2354 jus,
399 2267 490 2350 quod
511 2279 604 2332 ector
632 2272 856 2354 persequitur,
893 2287 963 2330 esse
985 2267 1170 2346 probatam.
1212 2271 1367 2349 Accedit,

296 2369 453 2454 quodem
473 2370 551 2453 ipsis
574 2371 701 2454 legibus
722 2371 941 2434 demonstrari
966 2371 1142 2432 necessitas
1170 2372 1241 2455 ejus
1270 2393 1365 2454 pro-

278 2453 436 2554 ¹isrtionis
461 2480 578 2533 contre
598 2473 709 2536 fictum
727 2491 955 2555 possessorem
971 2482 1092 2556 potest.
1136 2472 1250 2538 Edicto
1271 2495 1366 2555 pro-

293 2572 430 2638 vincirti
450 2572 664 2636 constitutum
687 2586 772 2663 erut,
794 2587 833 2640 ut
852 2577 971 2656 sotori,
996 2576 1050 2638 cui
1074 2577 1158 2640 ulter
1178 2596 1249 2638 rem
1272 2577 1366 2665 slie7

293 2672 406 2738 nendo
426 2674 527 2736 alium
547 2675 771 2740 adversarium
793 2679 910 2743 ireude
938 2678 1174 2760 substituisset,
1214 2680 1297 2742 ectio
1324 2681 1366 2742 in

293 2777 415 2837 sectum
435 2775 594 2840 adversus
622 2797 712 2858 enm,
741 2784 798 2865 qui
818 2783 1007 2861 alienasset,
1033 2782 1069 2845 in
1087 2790 1212 2846 unium
1234 2803 1366 2846 conce-
1461 2801 1462 2830 1

206 2955 208 2960 Α
294 2875 446 2956 deretur,
485 2882 598 2962 quenti
629 2885 700 2966 ejus
727 2886 958 2967 interfuisset,
986 2886 1087 2948 alium
1115 2905 1185 2948 non
1204 2886 1365 2950 hsbuisse

293 2978 527 3048 adversarium.
572 2982 664 3057 Quse
685 2987 768 3048 ectio
792 3009 860 3050 non
880 2989 987 3052 solum
1010 2987 1167 3053 adversus
1189 3007 1278 3066 eum,
1299 2991 1366 3070 qui

293 3078 474 3142 dominium
496 3082 533 3143 in
554 3085 693 3148 ultorum
716 3091 962 3172 transferendo,
980 3111 1098 3155 verum
1122 3091 1217 3152 etism
1240 3101 1364 3154 contre

291 3177 456 3258 ejusmodi
477 3183 700 3250 adversarium
708 3221 723 3267 ,v
740 3193 796 3271 qui
812 3197 1022 3274 possessione
1041 3195 1077 3255 in
1091 3193 1230 3256 atterum
1244 3204 1365 3266 mens-2

287 3279 428 3343 ierendu
448 3282 608 3366 judicium
628 3295 783 3371 mutivit,
813 3293 941 3356 institui
963 3305 1086 3377 potest.
1130 3297 1180 3361 De
1200 3319 1270 3380 que·
1285 3295 1362 3357 Ur.-

287 3387 405 3442 riartos
426 3381 527 3452 Libro
554 3395 605 3453 13.
629 3391 670 3453 ed
692 3391 844 3456 Edictum
864 3397 900 3460 in
920 3403 961 3462 L.
984 3399 1016 3461 4.
1039 3399 1065 3482 p.
1087 3401 1119 3463 4.
1143 3403 1189 3465 Β.
1212 3401 1251 3462 de
1269 3401 1361 3460 olie-

287 3489 416 3548 natione
427 3491 554 3568 justris·
573 3497 722 3560 museum
741 3521 843 3562 causo
855 3500 966 3584 facta.
995 3503 1051 3572 IV.
1067 3513 1098 3572 ⁷.
1119 3505 1201 3569 haec
1222 3503 1364 3566 scribite

331 3625 425 3686 Haec
447 3632 532 3688 actio
556 3634 591 3693 iss
611 3631 650 3693 td
676 3637 762 3718 quod
781 3642 909 3702 interest
936 3649 1090 3728 competit.
1156 3640 1294 3706 Proinde
1324 3645 1361 3704 si

319 3745 378 3786 res
399 3729 548 3810 nonfuit
564 3738 712 3816 petitoris
734 3755 794 3804 aut
814 3747 845 3802 εἰ
865 3748 914 3826 is„
934 3753 991 3840 qui
1014 3753 1174 3814 alienatus
1195 3759 1261 3829 est,
1283 3749 1359 3808 sine

328 3828 424 3908 culpa
445 3831 595 3915 decessit,
639 3855 742 3904 cessat
753 3847 936 3930 judicium,
976 3857 1042 3916 ns'ss'
1069 3855 1099 3914 εἰ
1127 3853 1207 3937 quid
1231 3853 1358 3915 actoris

323 3944 490 4010 praeterea
518 3941 676 4021 interfuit
1074 3964 1076 3972 '

281 4079 375 4143 Unde
393 4084 605 4176 intelligitur,
628 4119 720 4180 eum,
742 4107 799 4188 qui
820 4128 892 4172 rens
917 4108 1138 4190 vindicaturus
1162 4111 1207 4176 sit
1227 4131 1247 4174 s
1264 4133 1356 4196 pos·-
1460 4159 1461 4176 1

279 4202 409 4292 sessore
432 4195 578 4258 mutandi
597 4199 712 4281 judicii
728 4227 825 4274 cause
838 4209 1024 4290 alienatum,
1048 4218 1087 4280 st
1109 4237 1160 4298 eo,
1186 4215 1242 4299 qui
1258 4214 1346 4278 ulie-
1460 4229 1461 4240 ¹
