2960 5064
233 291 282 400 'o

258 533 391 610 praeter
412 521 579 586 dominum
604 521 784 584 transferre
804 537 902 604 porse
920 516 1097 596 neminem,
1129 525 1238 578 tamen
1259 537 1322 578 ou-

260 636 386 698 ctorem
405 625 574 706 petitoris,
593 625 699 704 modo
712 625 765 686 hic
787 625 904 708 juetam
927 641 1054 686 caucam
1074 618 1324 703 praecedentem

250 737 294 808 'pt
316 727 525 790 traditionem
546 728 754 810 probaverit,
791 747 853 809 pro
885 724 1017 788 domino
1040 723 1092 785 rei
1110 720 1248 784 traditae
1256 719 1326 780 ba-

258 827 404 908 bendum
424 849 495 908 ease
516 830 709 910 arbitratur,
731 829 836 902 donec
854 846 931 890 reue
946 845 1017 889 rem
1032 824 1125 888 illiue
1141 843 1209 888 non
1224 822 1327 884 fuisse

264 929 456 1010 ostenderit.

274 1321 277 1328 Ι
348 1237 460 1303 Altum
482 1236 618 1318 deinde,
657 1241 749 1322 quod
777 1243 820 1305 da
839 1239 937 1304 nimia
956 1237 1162 1322 probationia
1192 1235 1329 1297 dominii

264 1333 455 1416 difficultate
477 1343 511 1404 in
532 1342 699 1404 Pandectia
722 1344 860 1428 perinde
881 1351 976 1424 atque
997 1342 1033 1402 in
1053 1339 1173 1402 Codice
1195 1338 1330 1414 obtinet,

249 1440 433 1515 ‚silentium
453 1446 632 1506 sententiae
656 1435 786 1527 vulgari
810 1446 872 1512 cet.
893 1445 1048 1506 Tamna
1074 1450 1248 1524 tantopere
1276 1437 1331 1500 di·

255 1540 314 1610 ‚cit
335 1542 520 1624 adversari,
553 1556 608 1626 ut,
646 1547 674 1620 ai
696 1533 784 1616 tanta
805 1548 848 1609 sit
869 1546 1055 1625 difficultas,
1089 1552 1208 1625 quanta
1230 1541 1330 1622 uulgo

250 1643 411 1724 feratur,
446 1648 666 1728 quisuasarit
685 1650 920 1730 litigatoribus,
946 1657 985 1709 ut
1009 1647 1165 1708 sumtibus
1184 1645 1333 1706 inanibua

267 1763 423 1824 parcere,
466 1768 672 1833 quamqspem
692 1752 851 1828 victoriae
874 1751 1025 1813 fallacem
1048 1750 1167 1811 fovere
1189 1747 1334 1826 mallent,

268 1844 298 1904 ia
322 1847 448 1928 optime
462 1849 530 1910 illia
550 1854 753 1916 consuluisse
772 1852 931 1928 videatur.
972 1854 1022 1938 llo
1036 1871 1078 1912 ne
1093 1849 1128 1912 in
1142 1849 1240 1912 titulo
1260 1849 1335 1930 qui·

271 1945 346 2016 dem
368 1948 601 2030 Pandectarum
615 1947 657 2016 de
677 1954 864 2017 Publiciana
877 1956 914 2016 in
935 1975 1014 2028 rom¹
1028 1952 1174 2029 actione,
1200 1951 1236 2010 in
1258 1970 1336 2030 qno,

270 2047 350 2128 quid
370 2048 458 2114 inter
480 2073 558 2119 eam.
570 2065 602 2118 et
621 2055 671 2116 rei
684 2056 947 2132 ¹vindicationem
969 2052 1115 2133 intersit,
1137 2052 1259 2133 optime
1270 2072 1339 2132 po-

270 2149 373 2226 tuerit
397 2154 572 2236 explicari,
587 2213 589 2220 .
607 2156 830 2234 difficultatum
851 2156 1057 2242 probationis
1080 2154 1218 2218 dominii
1237 2153 1341 2214 ullam

271 2246 389 2312 fictam
408 2273 479 2314 case
500 2258 701 2338 mentionem
722 2261 935 2324 vehementer
959 2259 1107 2322 miratur.
1150 2254 1341 2332 Dominium
1444 2309 1461 2338 ,ἶ

272 2347 413 2432 denique
434 2375 533 2438 quum
550 2359 586 2420 in
611 2361 738 2424 actione
758 2363 975 2440 conferentia,
996 2358 1165 2442 negatoria
1185 2366 1218 2421 et
1231 2357 1345 2440 hypo·
1460 2353 1461 2374 ¹

272 2448 428 2524 thecaria
442 2454 563 2546 debeat
575 2463 738 2544 probari,
779 2485 849 2526 non
884 2465 1070 2545 intelligere
1104 2480 1175 2524 aeae
1209 2460 1342 2538 fatetur,

273 2551 353 2632 quid
376 2575 490 2618 causae
505 2560 624 2641 suerit,
662 2586 721 2626 cur
741 2585 783 2626 ne
804 2566 865 2628 hac
883 2567 1015 2648 quidem
1036 2563 1207 2630 occasione
1231 2561 1342 2624 oblata

274 2652 316 2728 ad
337 2654 540 2740 difficultates
558 2664 596 2724 in
615 2666 788 2747 probando
813 2667 957 2731 dominio
982 2668 1095 2730 obvias
1117 2663 1185 2726 leti
1201 2663 1343 2726 animum

274 2752 488 2830 adverterint.
529 2763 725 2850 Namquod
741 2770 919 2830 communia
946 2768 1126 2833 sententiae
1149 2765 1342 2826 defensores

272 2855 309 2938 1¹1
330 2859 381 2919 101
402 2861 626 2934 undcanone
647 2871 791 2952 quidem,
829 2891 892 2934 neo
913 2873 1056 2944 veroin
1077 2868 1213 2950 reliquia
1237 2867 1341 2927 actio·

272 2960 387 3039 nibus,
410 2984 566 3056 ,quarum
588 2971 834 3035 fundamentum
854 2994 917 3058 pro
943 2984 1037 3059 parte
1052 2981 1175 3035 tautum
1196 2966 1338 3029 dominio

273 3057 405 3138 nititur,
425 3066 558 3145 plenam
580 3056 650 3152 ejus
671 3076 900 3155 probationem
922 3098 943 3138 a
961 3078 1105 3158 petitore
1129 3070 1278 3152 exigunt,
1297 3067 1345 3129 il-

275 3154 335 3221 lud
357 3165 411 3224 Ill.
436 3165 589 3231 Tarraco
608 3193 679 3250 non
700 3155 883 3238 assentitur.
925 3176 1042 3240 Utrum
1061 3179 1148 3240 enim
1167 3183 1238 3236 tota
1257 3170 1344 3230 actio

275 3261 420 3336 dominio
445 3290 487 3330 an
510 3292 573 3352 pro
596 3283 697 3355 parte,
711 3285 835 3350 tantum
853 3280 993 3359 nitatur,
1019 3281 1104 3342 nihil
1122 3277 1167 3340 ait
1188 3275 1347 3336 interesse

277 3372 310 3444 et
328 3370 560 3447 probationem
582 3375 717 3438 eandem
740 3397 811 3440 ease
835 3380 976 3460 debere3
1004 3401 1156 3464 eamque,
1177 3378 1248 3438 aive
1269 3375 1347 3454 hoc,

276 3465 347 3630 pire
369 3471 431 3532 illo
456 3495 533 3538 casu
553 3497 623 3556 non
643 3478 851 3565 perficiatur,
872 3481 999 3550 efficere
1006 3530 1017 3567 ,
1044 3493 1083 3548 ut
1096 3491 1189 3549 actor
1204 3476 1346 3544 inferior

294 3567 336 3630 'tc
354 3572 509 3640 discedat.

742 3773 792 3868 ς,
832 3772 865 3842 4.

308 3917 317 3948 ·.
360 3892 445 3958 Tum
466 3906 657 3970 tententiam
678 3931 697 3970 a
714 3930 751 3973 ae
769 3912 978 3994 propositam
1004 3911 1046 3973 de
1070 3909 1263 3974 necessitate
1283 3924 1344 3968 au·

278 3998 405 4060 ctorem
432 4005 586 4083 petitoria
616 4014 755 4093 probata
785 4013 998 4094 acquiritione
1027 4034 1092 4096 pro
1122 4011 1255 4078 domino
1282 4008 1344 4070 ha-

276 4093 393 4178 bendi,
434 4102 541 4170 donec
578 4131 652 4176 eum
670 4135 741 4178 non
762 4116 863 4178 suinae
887 4116 1053 4190 dominum
1078 4137 1162 4180 reue.
1179 4121 1344 4178 monstra-

276 4203 375 4286 uerit,
397 4204 511 4291 legum
526 4219 722 4281 auctoritato
740 4216 875 4283 firmare
892 4218 1027 4284 eruduit.
1070 4219 1175 4294 Quam
1198 4218 1243 4280 ob
1264 4233 1343 4275 cau-
