2960 5064
1109 380 1155 456 31

13 646 15 656 Α
105 598 176 679 gari
205 588 364 654 sententia
389 582 467 647 lieri
494 582 608 674 debet,⁸
651 585 792 648 auctoris
820 580 999 644 dominium
1026 583 1164 666 petitori

105 694 313 784 probandum
336 699 400 767 est,
423 701 538 752 auctor
560 691 619 752 lite
643 691 834 753 denunciata
857 687 1006 750 assistere
1024 687 1077 748 illi
1099 707 1161 750 co-

12 867 14 880 ,
43 806 55 830 '
107 809 210 888 giturz
241 797 330 882 quod
352 795 507 857 auxilium
531 793 615 854 nihil
633 793 844 878 profuturum
865 799 932 868 est,
960 789 1023 850 nisi
1046 801 1163 854 auctor

12 973 13 978 ,
109 905 275 969 domiuum
297 899 349 964 rei
372 898 521 960 venditae
544 916 615 958 sese
633 899 735 960 fuisse
750 895 951 978 probaverit
992 889 1054 952 Fac
1070 913 1162 974 ergo,

12 1075 13 1080 ,
107 1019 274 1071 auctorem
297 1004 339 1063 de
370 1000 513 1062 dominio
538 1019 598 1064 suo
628 1001 777 1064 dubitare
807 1007 839 1059 et
864 996 1061 1078 probatione
1090 997 1161 1080 ejus

106 1111 272 1182 diffidere,
293 1125 402 1168 nonne
421 1123 566 1184 magnam
590 1114 685 1189 atque
701 1125 833 1185 gravem
854 1122 924 1164 eam
945 1121 1015 1162 esse
1033 1123 1161 1165 causam

102 1213 250 1294 putabis,
272 1207 444 1284 suadendi,
463 1217 501 1268 ut
519 1219 625 1271 emtor
645 1207 832 1268 Publiciana
851 1204 978 1288 potius,
998 1223 1092 1286 quam
1110 1207 1163 1268 rei

105 1316 329 1380 vindicatione
349 1310 555 1393 experiatur,
574 1333 673 1395 quum
691 1311 727 1371 in
748 1308 809 1370 liac
828 1306 977 1390 quidem,
998 1330 1060 1371 nec
1076 1331 1160 1373 vero

105 1419 143 1479 in
163 1407 222 1479 illa
242 1415 419 1479 dominium
442 1417 582 1477 auctoris
610 1413 747 1502 probari
777 1420 942 1493 oporteat,
985 1423 1018 1475 et
1045 1415 1160 1476 Publi-

108 1522 197 1583 ciana
218 1521 366 1583 instituta
391 1539 429 1578 ea
453 1518 651 1601 probatione
677 1526 793 1579 auctor
821 1515 1004 1583 liberetur?

431 1803 825 1820 W

503 2081 766 2155 Carur«ll

109 2234 394 2337 Quaeritur,
434 2260 538 2308 uum
570 2231 777 2307 dominii
810 2231 1029 2308 auctoris
1059 2261 1162 2337 pro-

184 2371 316 2452 batio
351 2401 408 2448 ex
435 2368 669 2468 fontibus
705 2349 850 2445 J‘„,·,
883 2371 1087 2448 Romani

433 2505 626 2584 ostendi
651 2505 837 2609 poscit?

583 2711 617 2796 a.
658 2711 689 2776 1.

193 2834 294 2910 Quod
315 2855 402 2896 nunc
423 2839 570 2919 cepimus
588 2835 778 2913 consilium,
799 2847 838 2898 ut
855 2834 1064 2916 inquiramus,
1085 2857 1164 2900 num

107 2939 255 3021 vulgaris
277 2936 318 2997 da
339 2940 509 3018 probando
535 2939 679 3002 dominio
705 2940 866 3001 sententia
884 2959 927 3000 cx
949 2939 1033 2999 locis
1047 2923 1163 3001 monu-
1201 2945 1204 2951 “

106 3053 294 3112 mentorum
323 3039 411 3102 Juris
442 3040 591 3119 Romani,
631 3061 714 3122 quae
743 3041 785 3102 ad
809 3051 922 3103 nostra
949 3061 1052 3124 usque
1079 3053 1165 3106 tem..

105 3169 191 3234 pora
221 3154 461 3227 pervenerunt,
509 3147 734 3224 confirmetur,
783 3143 1024 3306 illudzoptime
1050 3147 1165 3230 perlici

104 3269 204 3336 posse
223 3233 390 3330 putamus,
433 3251 463 3310 si
485 3249 745 3313 vindicationem
772 3251 810 3310 ab
842 3267 882 3308 an
909 3247 1063 3326 quinciano
1086 3248 1165 3310 inde

105 3366 256 3435 tempore
282 3350 612 3419 consideraverimus.
678 3355 721 3416 At
745 3361 870 3414 tantum
897 3351 1004 3428 abest,
1045 3360 1083 3411 ut
1110 3352 1165 3415 bic

105 3457 200 3516 locus
222 3453 264 3512 sit
286 3454 472 3533 explicandi
501 3456 713 3519 solennitates
732 3454 955 3532 formulasque
984 3453 1020 3512 in
1045 3451 1164 3515 Vindi-
1244 3507 1247 3511 J

108 3559 235 3618 catione
260 3575 279 3614 a
301 3551 454 3616 Romanis
475 3557 646 3618 observari
671 3559 799 3634 solitas,
833 3563 871 3616 ut
892 3573 930 3614 eu
956 3562 1080 3614 tautum
1103 3557 1164 3617 de-

105 3659 239 3721 libanda
260 3656 342 3733 sint,
364 3673 446 3737 quae
467 3655 507 3716 ad
528 3655 755 3720 illustrandam
778 3657 915 3722 dominii
934 3657 1165 3737 probationem

105 3763 174 3824 vim
203 3762 325 3822 habere
353 3757 536 3826 videantur.
599 3754 734 3823 Modum
770 3759 960 3826 vindicandi
996 3760 1164 3822 veteribus

105 3863 276 3925 solennem
298 3863 364 3928 duo
385 3867 589 3948 potissimum
603 3877 751 3928 auctores
769 3867 1020 3944 descripserunt,
1043 3860 1164 3922 Grcnno

105 3988 165 4047 pro
189 3969 326 4028 Murena
347 3994 417 4052 cap.
441 3979 490 4033 12.
515 3979 547 4031 et
570 3971 672 4032 Gaius
688 3974 768 4032 Insa.
788 3967 903 4026 Comm.
919 3968 943 4024 I
945 3965 983 4026 V.
1002 3964 1027 4046 §-
1045 3969 1094 4028 16.
1113 3971 1164 4028 17.

109 4088 251 4148 quorum
272 4067 340 4130 loci
360 4073 423 4135 nis'i
453 4075 621 4156 conjuncti
642 4076 725 4137 alter
750 4090 792 4131 ex
818 4069 922 4129 altero
950 4067 1165 4150 explicentur,

107 4170 231 4232 veritas
254 4168 313 4231 vix
342 4173 538 4241 invenietur.
600 4177 706 4262 Atque
726 4176 794 4238 illia
820 4170 950 4258 quidem
976 4167 1165 4230 auctoribus
1218 4186 1221 4192 ¹

110 4273 254 4354 petitor,
294 4277 352 4355 qui
380 4299 450 4341 rem
474 4299 517 4340 ex
544 4297 641 4344 causa
672 4278 824 4349 Praetori
857 4269 1052 4356 exponenda
1081 4265 1165 4354 (qua
