2960 5064
331 339 383 414 30

330 539 565 618 Quaestionum
594 537 634 596 L.
663 541 716 600 66.
748 555 800 619 pr.
836 535 881 600 D.
911 533 952 599 de
986 536 1200 600 evictionibus.
1228 503 1337 598 ¹XXI.
1362 544 1395 600 2.

328 645 409 708 baec
431 642 560 704 scribit:

373 781 426 855 Si,
449 801 521 842 cum
541 777 686 840 venditor
706 777 920 839 admonuisset
938 789 1103 862 erratorem,
1134 791 1170 840 ut
1190 777 1394 846 Publiciana
1448 787 1449 792 ’

333 907 336 916 ’
367 887 476 968 potius
496 883 549 943 vet
570 905 608 944 eo
628 885 770 976 actione,
815 880 952 964 quaeda
973 883 1083 964 fundo
1105 886 1258 968 vectigali
1275 905 1395 964 propo·
1448 965 1449 968 Ἰ

372 993 438 1049 situ
459 998 521 1067 est,
552 989 761 1068 experiretur,
791 997 887 1046 amtor
908 983 945 1046 id
959 986 1072 1068 faeere
1091 987 1285 1069 supersedit:
1332 1008 1397 1046 om-
1448 1015 1449 1072 ᾗ

373 1091 497 1154 ntmodo
526 1089 646 1152 nocebit
673 1091 705 1149 ei
738 1088 828 1151 dolus
858 1109 955 1176 sum,
998 1112 1055 1158 racc
1091 1093 1300 1154 committitur
1339 1096 1393 1152 sti·
1448 1089 1449 1096 '

328 1215 331 1224 ’
367 1199 505 1282 putatio.

330 1336 404 1412 Quo
427 1334 505 1394 loco
528 1352 648 1396 nomen
669 1332 801 1416 quidem
822 1333 958 1396 actionis
979 1353 1049 1394 non
1071 1331 1268 1412 continetur,
1293 1351 1392 1416 quam
1448 1347 1449 1418 t

330 1444 369 1502 ab
392 1449 516 1500 emtore
542 1436 648 1498 omitti
669 1447 699 1500 et
720 1437 812 1520 cujus
842 1438 919 1498 loco
942 1435 1069 1496 institui·
1090 1434 1312 1498 Publicianam
1338 1447 1391 1495 aut

329 1545 490 1606 actionem
511 1542 547 1602 in
567 1560 637 1602 rem
656 1539 770 1600 utilem
793 1537 950 1600 venditor
970 1537 1096 1600 maluit.
1145 1539 1390 1616 Verumtamen,

326 1645 407 1729 quin
429 1664 467 1703 ea
488 1641 539 1704 rei
561 1641 738 1702 vindicatio
761 1629 885 1702 'debeat
914 1639 1070 1722 intelligi,
1111 1642 1260 1704 dubitare
1290 1661 1388 1702 nemo

327 1755 459 1832 potest,
481 1742 557 1824 quia
577 1741 655 1804 huic
667 1742 873 1824 potissimum
887 1743 1067 1823 respondet
1084 1755 1118 1806 et
1135 1744 1233 1827 hujus
1248 1745 1389 1806 maxime

327 1850 406 1910 loco
431 1843 558 1908 institui
578 1847 666 1906 solet
687 1844 887 1922 Publiciana,
906 1865 968 1926 que
988 1857 1137 1926 sperant,
1157 1847 1249 1924 fore,
1273 1855 1313 1906 ut
1336 1848 1388 1908 sa-

328 1951 424 2012 cilius
449 1948 582 2012 vineant
603 1947 835 2012 adversarium.
897 1948 998 2022 Quod
1020 1949 1049 2008 si
1071 1969 1259 2011 concessum
1282 1959 1333 2010 est
1358 1959 1388 2009 et

327 2053 512 2138 quaeritur,
552 2069 613 2112 cur
635 2059 759 2110 tantum
779 2051 909 2113 intersit
933 2051 1136 2131 venditoris,
1169 2051 1388 2114 Publicianam

327 2159 455 2241 potius,
487 2173 582 2238 quam
603 2151 654 2214 rei
674 2152 930 2216 vindicationem
952 2154 992 2214 ab
1014 2163 1140 2216 emtore
1164 2155 1308 2235 iustiuri,
1351 2165 1388 2217 ut

329 2259 358 2348 si
376 2257 458 2318 hanc
485 2255 620 2336 elegerit
643 2263 766 2333 emtor,
789 2255 831 2316 ad
854 2257 1050 2330 evictionem
1062 2255 1287 2338 praestandam
1303 2280 1388 2320 con·

267 2393 270 2401 ·
327 2359 436 2422 veniri
454 2379 523 2419 non
544 2354 651 2438 possit
672 2357 846 2440 venditor,
887 2378 993 2442 neque
1019 2361 1238 2422 committatur
1265 2357 1387 2442 duplae
1448 2393 1449 2418 i

329 2459 515 2542 stipulatio,
544 2459 628 2520 nibil
656 2458 762 2538 aliud,
794 2470 832 2523 ut
852 2463 989 2545 opinor,
1024 2461 1296 2543 respondebitur,
1324 2465 1388 2524 nisi
1448 2497 1449 2510 κ

328 2561 534 2648 probationis
556 2581 651 2623 causa
681 2562 808 2628 auctori
835 2564 1054 2628 Publicianam
1082 2584 1152 2625 esce
1181 2549 1388 2627 comniodia-
1430 2576 1432 2584 ’

326 2686 415 2743 rem,
458 2685 553 2746 qnam
574 2665 624 2726 rei
651 2665 914 2730 vindicationem.
954 2666 1021 2748 Ego
1043 2689 1125 2730 vero
1150 2686 1220 2727 uon
1242 2687 1311 2730 eam
1331 2669 1386 2734 iu-

328 2770 442 2852 telligo
465 2767 704 2852 probationem,
725 2791 820 2854 qnam
838 2772 892 2834 tlt
904 2770 1063 2832 duratur
1081 2769 1222 2853 imponit
1240 2769 1387 2851 petitori.
1448 2759 1449 2838 ζ

328 2875 406 2940 Sive
431 2872 516 2934 enim
536 2893 589 2934 res
624 2873 827 2966 vipdicetur,
870 2874 941 2936 sive
969 2872 1157 2937 Publiciana
1183 2879 1315 2954 petatur
1348 2879 1387 2938 ab

328 2980 455 3059 aliquo,
477 2975 630 3057 probatio
652 2995 670 3036 a
693 2986 786 3056 parte
806 2978 958 3058 petitoris
978 2977 1090 3038 eadem
1112 2983 1177 3052 eet,
1197 2974 1226 3034 si
1241 2974 1393 3039 Thibau-
1448 3037 1449 3040 ,

328 3081 448 3142 flauam
477 3077 621 3158 sequeris
651 3079 851 3142 sententiam.
913 3077 997 3142 Nam
1030 3079 1066 3140 in
1093 3088 1231 3159 utraque
1259 3081 1390 3143 actione

326 3182 447 3264 justam
468 3197 594 3241 cansam
611 3177 861 3258 praecedentem
892 3189 925 3242 et
955 3179 1164 3242 traditionem
1189 3183 1321 3246 ostendi
1346 3190 1390 3249 ab
1435 3167 1439 3191 ⁸

329 3269 369 3346 eo
389 3280 527 3358 sufficit,
566 3291 599 3342 et
625 3279 729 3344 omnis
752 3281 960 3369 probationis⁴
982 3281 1150 3344 difficultas
1171 3281 1207 3346 in
1229 3288 1389 3350 adversa-

326 3386 412 3448 rium
436 3383 636 3454 devolvitur.
679 3383 773 3446 Unde
795 3404 837 3447 ne
858 3394 972 3447 auctor
993 3383 1123 3465 quidem
1144 3385 1391 3470 inprobatione

326 3487 416 3549 tituli
436 3507 472 3548 ac
495 3486 679 3548 traditionis
702 3507 894 3549 succurrere
917 3488 1045 3568 cogitur
1064 3488 1217 3573 petitori,
1248 3493 1322 3575 quia
1350 3518 1390 3558 ea

326 3589 478 3669 probatio
499 3587 653 3649 facillima
676 3603 735 3654 est.
779 3592 885 3664 Quam
910 3592 951 3651 ob
975 3609 1119 3670 caucam,
1164 3614 1264 3674 qun-m
1293 3607 1389 3661 actor

327 3709 397 3750 rem
421 3687 589 3748 vindicans
611 3689 652 3750 de
672 3714 733 3754 suo
753 3702 878 3754 tantum
900 3711 961 3752 nec
980 3712 1061 3754 vero
1085 3692 1127 3754 de
1149 3697 1291 3758 auctoris
1310 3699 1389 3782 jure

322 3809 372 3851 ex
393 3788 605 3852 Thibautiana
636 3797 794 3856 sententia
817 3794 1049 3876 probationem
1078 3797 1243 3879 succipere
1270 3809 1388 3863 tenea-

326 3901 398 3968 tur,
431 3892 573 3952 auctorie
590 3895 674 3958 nibil
698 3905 807 3980 potest
829 3895 973 3972 referre,
1003 3906 1108 3958 utram
1132 3901 1292 3963 actionem
1318 3924 1387 3968 em.

328 4003 383 4054 tor
400 3992 560 4074 clegerit,
589 3999 682 4078 quia,
702 3999 773 4060 cive
793 3997 891 4076 hauc,
922 4000 992 4061 sive
1016 4001 1108 4062 illam
1127 4002 1318 4086 instituerit,
1348 4019 1390 4071 ut

328 4095 488 4156 auxilium
507 4093 592 4161 ferat
611 4103 763 4183 petitori,
785 4119 917 4164 necesse
938 4114 1093 4184 nonest,
1124 4127 1231 4188 neque
1247 4110 1391 4191 prodest

306 4195 402 4260 ‘huic
427 4199 498 4282 ejus
520 4203 687 4268 auxilium.
730 4203 852 4302 Verum
877 4203 1063 4286 enimvero,
1092 4207 1136 4290 si,
1165 4209 1217 4274 uti
1239 4231 1282 4274 ex
1303 4213 1389 4278 vul-
