2960 5064
330 379 381 457 26

417 595 448 652 1:
488 587 535 648 L.
551 587 604 650 57.
628 581 652 664 i.
671 589 700 648 1.
721 585 762 646 L.
781 590 833 652 88·
855 583 901 649 D.
923 584 962 646 de
979 584 1234 667 usurpationibus
1255 595 1286 644 et
1306 599 1396 646 uszs-

455 689 646 773 capionibus.
673 685 805 754 XL1.3.
833 689 937 752 Gaius
957 689 1055 754 Libro
1077 695 1109 752 2.
1138 687 1394 754 Institutionum

268 815 274 904 ᾧ
455 805 488 860 st
508 793 606 858 Libro
625 801 656 858 2.
676 789 798 858 Rerum
821 793 1090 875 quotidianarum.

369 933 481 996 madi
499 955 616 1018 quoque
633 934 732 994 alieni
748 941 851 1014 potest
873 933 990 1014 aliquis
1011 935 1079 990 sine
1099 934 1135 990 ot
1148 936 1294 993 nancisci
1310 955 1393 1016 pos-

369 1043 552 1101 sessionem:
595 1060 675 1122 quae
695 1037 748 1098 aei
767 1059 804 1098 ea
824 1034 1017 1118 negligentia
1039 1034 1159 1098 domini
1177 1049 1287 1112 vacet,
1334 1039 1402 1099 aei.

368 1146 444 1226 qnia
461 1143 603 1203 dominus
622 1145 689 1203 sine
710 1161 884 1201 successore
905 1138 1086 1212 decesserit,
1119 1141 1172 1201 aei
1192 1142 1282 1226 longo
1306 1155 1392 1202 tem-

363 1269 442 1328 pore
462 1245 610 1328 abfnerit.
657 1247 761 1325 Quam
780 1265 845 1305 rem
874 1245 939 1324 ipse
961 1243 1085 1323 quidem
1106 1268 1170 1307 non
1184 1259 1287 1326 potest
1309 1268 1391 1307 nsce-

367 1371 497 1430 capere,
543 1353 620 1434 quia
646 1350 794 1430 inteiligit
821 1349 960 1407 alienum
988 1368 1021 1406 se
1041 1351 1199 1429 possidere
1228 1364 1258 1410 et
1288 1353 1328 1412 ob
1352 1356 1390 1415 id
1466 1361 1467 1372 ¹

368 1451 457 1515 mala
470 1453 541 1532 fide
559 1454 716 1536 possidet:
733 1452 791 1514 sed
809 1457 839 1513 si
860 1453 920 1511 aiii
940 1450 1105 1529 bonafide
1122 1459 1293 1537 accipienti
1311 1470 1388 1518 tra-

365 1560 497 1633 diderit,
529 1560 646 1642 poterit
665 1561 693 1618 is
715 1575 885 1636 usucapere
891 1579 905 1630 ,·
940 1560 1015 1639 quia
1037 1579 1135 1640 neque
1153 1561 1190 1619 vi
1204 1581 1387 1643 possessum

364 1683 462 1747 neque
474 1661 641 1744 furtivum
656 1659 803 1742 possidet.
847 1659 977 1721 Abolita
1005 1664 1088 1722 enirn
1107 1677 1153 1724 est
1182 1667 1385 1746 quorundam

363 1782 503 1832 aeterum
530 1769 685 1826 sententia
724 1766 989 1842 existimantium,
1027 1771 1123 1828 etiam
1141 1767 1249 1850 fundi
1277 1772 1384 1832 locive

354 1874 487 1956 furtum
497 1871 587 1950 fieri.

406 2020 437 2078 2.
482 2015 523 2076 L.
551 2014 583 2073 7.
616 2008 640 2092 i.
666 2012 697 2072 6.
733 2010 777 2070 D.
801 2031 862 2091 pro
890 2020 1003 2071 emtore
1031 2005 1113 2074 XLI.
1140 2011 1170 2074 4.
1213 2005 1379 2074 Juuunus

440 2113 541 2179 Libro
565 2116 619 2178 tt.
648 2103 867 2202 Digestorum.

315 2331 317 2342 Ι
358 2251 553 2318 Procurator
575 2268 648 2316 tuus
669 2258 699 2314 si
711 2251 873 2336 sendum,
907 2271 998 2334 quem
1020 2242 1144 2315 centrein
1172 2259 1278 2318 aureis
1300 2276 1378 2316 aen-

359 2359 433 2421 dere
455 2371 599 2442 poterat,
642 2358 801 2421 addixerit
831 2358 965 2440 triginta
992 2360 1098 2416 aureis
1128 2363 1162 2420 in
1182 2361 1241 2420 hoc
1262 2361 1377 2442 solam,

357 2476 395 2522 ut
415 2475 447 2522 te
468 2464 582 2530 damno
604 2465 757 2544 afficeret,
792 2465 959 2546 ignorante
978 2475 1109 2524 emtore:
1147 2462 1292 2524 dubitari
1311 2486 1375 2526 non

359 2579 493 2648 oportet,
513 2569 590 2650 quin
613 2580 712 2627 emtor
731 2569 824 2650 longe
844 2581 978 2647 ternpore
1000 2569 1117 2645 capiat.
1141 2567 1229 2628 Nam
1250 2581 1375 2628 etcum

357 2676 459 2732 sciens
489 2674 560 2754 quis
589 2671 727 2730 alienum
745 2669 890 2752 fundum
917 2667 1058 2730 vendidit
1087 2673 1267 2754 ignoranti,
1310 2694 1372 2732 non

357 2776 577 2858 interpellatur
598 2773 694 2856 ionga
709 2775 875 2856 possessio.

310 2912 436 2975 Verum
469 2911 636 2975 enimvero
665 2912 696 2973 N
699 2933 752 2975 ov.
779 2911 886 2975 CXIX.
917 2933 988 2995 cap.
1009 2921 1040 2978 7.
1071 2913 1283 2974 constitutum
1314 2923 1371 2990 est,

310 3024 364 3091 ut,
393 3014 576 3095 quicunque
597 3035 617 3074 a
637 3017 741 3077 malae
761 3015 840 3076 fidei
860 3036 1052 3096 possessore
1076 3035 1144 3078 rem
1168 3016 1239 3077 sive
1259 3019 1369 3079 mobi-

309 3116 377 3176 lem
401 3116 472 3175 sive
492 3115 693 3176 immobilem
717 3121 806 3180 bona
833 3117 898 3178 fide
931 3119 1156 3198 acquisiverit,
1200 3139 1270 3181 eam
1297 3141 1368 3181 non

305 3217 394 3276 intra
415 3225 541 3298 tempus
564 3226 755 3278 consuetum
774 3220 1027 3301 praescriptioni
1056 3221 1266 3302 destinatum,
1310 3222 1370 3285 sed

305 3316 440 3396 triginta
467 3338 627 3379 annornm
661 3328 785 3381 tantum
810 3322 1019 3403 possessione
1048 3343 1224 3407 usucapere
1251 3328 1368 3406 possit.

306 3418 382 3493 Qua
404 3416 537 3502 exlege
557 3442 627 3483 non
647 3422 733 3484 illud
756 3423 848 3509 sequi
869 3425 1029 3502 arbitror,
1072 3447 1183 3489 rerum
1211 3431 1366 3490 immobi-

303 3507 387 3583 lium
406 3523 523 3585 illicita
542 3526 734 3589 venditione
754 3528 878 3590 furtum
893 3530 1050 3590 committi
1073 3551 1206 3611 eamque
1226 3533 1268 3594 ob
1287 3546 1374 3592 cau·-¹

226 3619 231 3631 “
305 3643 373 3684 sam
393 3635 581 3688 consuetam
601 3629 753 3710 impediri
781 3631 1090 3711 praescriptionsn13
1129 3637 1213 3712 imo,
1256 3639 1364 3699 bonae

303 3721 383 3783 fidei
406 3734 580 3806 amtorem,
621 3732 677 3810 qui
698 3753 716 3791 a
736 3733 839 3794 malae
869 3731 946 3793 fidei
975 3755 1168 3817 possessore
1190 3739 1364 3820 ignorante

304 3823 439 3901 domino
464 3845 535 3890 rem
562 3829 625 3892 sibi
656 3835 912 3915 comparaverit,
953 3856 1022 3897 non
1052 3860 1150 3921 posse
1174 3841 1224 3901 uti
1246 3841 1363 3903 Publi·
1466 3831 1467 3836 ¹

302 3927 412 4005 ciana,
458 3929 522 3989 uisi
542 3935 683 3996 auctoris
704 3937 788 3997 mala
814 3934 879 3999 fide
902 3959 922 4000 e
945 3958 1003 4000 reo
1034 3941 1173 4019 probata
1193 3944 1363 4005 dominum

302 4026 391 4088 illud
416 4031 597 4094 ostenderit
618 4057 688 4098 non
716 4039 894 4119 ignorasse.
959 4041 1053 4104 Unde
1083 4044 1173 4123 quod
1199 4049 1250 4110 Iti.
1273 4048 1362 4108 Tar-

301 4147 390 4192 nsur
411 4132 447 4194 in
475 4133 525 4195 rei
544 4137 764 4203 vindicatione
785 4163 844 4206 reo
870 4147 1026 4232 injungit,
1064 4156 1102 4208 ut
1123 4149 1274 4229 petitoris
1298 4175 1359 4217 an-

303 4241 427 4298 ctorem
449 4257 518 4298 non
537 4237 639 4302 fuisse
660 4245 825 4309 dominum
845 4254 974 4331 probet,
998 4254 1032 4313 in
1052 4249 1237 4317 Publiciana
1258 4279 1357 4340 prae-
