2960 5064
1101 383 1151 460 29

11 607 18 632 ι
95 587 175 650 sarii
197 584 423 667 exceptionem
445 581 631 664 susceperit.
676 577 781 665 Atque
793 580 830 646 id
851 584 1053 667 quotidiein
1073 590 1153 653 foro

10 724 15 742 a·
93 688 169 750 fieri
188 688 274 749 solet
295 693 326 746 et
348 682 454 746 debet
519 682 619 758 Quod
648 684 677 748 si
696 703 766 748 uon
794 685 873 748 fecit
894 696 986 751 actor
1012 702 1047 753 et
1066 714 1151 774 pro-

10 811 12 844 f
93 788 236 853 bettonis
257 796 384 866 tempus
407 786 665 869 praeterlapsum
696 795 760 862 est,
801 807 927 852 novum
954 795 1090 875 spatium
1119 799 1151 859 ei

10 911 12 946 ;
96 889 234 954 concedi
250 909 320 949 non
341 897 467 971 potest,
490 897 541 967 ut,
568 898 740 972 postquam
762 907 839 950 reus
865 896 1065 975 exceptionis
1088 919 1152 962 ve.

10 1029 12 1038 ‚
94 993 224 1054 ritatem
248 987 430 1054 ostendere·
445 987 585 1066 studuit,
625 989 825 1054 contrarium
854 989 923 1073 ejus
952 1007 1044 1060 actor
1065 1020 1151 1084 pro.

94 1097 173 1156 bare
201 1092 316 1176 possit.
359 1088 446 1152 Idem
473 1093 509 1155 in
529 1091 675 1156 dominio
703 1113 746 1156 ex
766 1095 820 1154 Ill.
842 1089 995 1161 Turnum·
1016 1111 1150 1164 senten.

94 1197 142 1256 tia
173 1193 345 1277 probando
379 1194 643 1258 existimandum
660 1203 719 1261 est.
779 1193 849 1259 Jam
879 1215 980 1278 vero,
1021 1222 1154 1282 quaeso,

96 1297 179 1379 quid
202 1298 353 1372 interest,
391 1304 502 1358 utrum
531 1307 638 1376 actor,
679 1299 756 1379 quia
780 1298 858 1378 ecit,
890 1319 983 1361 reum
1010 1305 1152 1366 auctoris

97 1398 275 1460 dominium
296 1416 367 1458 esse
387 1395 665 1480 impugnaturum,
706 1411 839 1480 praeter
865 1400 997 1462 titulum
1022 1413 1055 1464 et
1075 1425 1152 1468 mo-

97 1501 173 1562 dum
196 1499 384 1582 acquirendi
399 1501 543 1562 auctoris
566 1500 662 1562 etiam
675 1489 863 1582 'dominium
885 1503 1058 1566 ostendere
1079 1519 1151 1568 stu-

96 1607 202 1683 deat„
231 1624 272 1663 an
296 1604 335 1663 ab
363 1601 457 1662 initio
489 1603 613 1681 statim,
657 1604 749 1666 nulla
775 1605 903 1666 ratione
931 1604 1042 1670 habite
1073 1609 1152 1694 ejus,

94 1707 186 1791 quod
206 1724 281 1767 reus
302 1704 502 1783 probaturus
527 1704 583 1783 sit,
615 1721 657 1765 ex
681 1703 811 1787 vulgari
835 1709 993 1771 sententia
1014 1709 1055 1771 ad
1068 1731 1153 1793 pro·-

93 1809 238 1872 bandum
265 1803 406 1865 auctoris
442 1804 621 1867 dominium
657 1808 811 1872 accedat?
872 1807 965 1872 Nihil
990 1813 1155 1894 profecto.

96 1911 201 1984 Quam
225 1910 268 1969 ob
288 1926 360 1968 rem
382 1914 516 1989 utreque
537 1908 696 1969 sententia
720 1909 762 1970 ad
786 1921 966 1998 extremum
989 1913 1072 1977 nihil
1085 1913 1155 1975 dif-

94 2013 175 2087 fert,
198 2009 262 2072 nisi
282 2008 385 2084 illud,
407 2007 498 2088 quod
521 2029 563 2071 ex
584 2009 797 2072 Thibautiane
817 2014 976 2074 sententia
998 2037 1093 2093 reus,
1115 2027 1159 2078 ut.

95 2115 207 2177 vincat
227 2111 422 2192 petitorem,
464 2108 535 2191 ejus
567 2103 733 2174 auctorem
760 2134 830 2174 non
853 2113 956 2176 fuisse
986 2115 1154 2181 dominum

93 2216 240 2299 probare
263 2212 378 2292 debet,
422 2230 464 2272 ex
487 2213 617 2294 vulgari
641 2222 748 2274 eutem
776 2214 818 2274 ad
838 2215 1017 2278 dominium
1037 2229 1154 2281 eucte-

93 2339 140 2380 rrs
167 2315 419 2398 impugnandum
453 2335 523 2376 non
551 2314 698 2394 cogitur,
719 2317 803 2376 'imo
832 2318 939 2400 quiete
970 2331 1155 2402 expectare,

95 2419 173 2503 quid
194 2426 286 2478 actor
308 2419 508 2500 probaturus
529 2419 587 2496 sit,
632 2429 664 2479 et
684 2420 713 2482 si
736 2421 775 2481 ab
806 2439 845 2479 eo
875 2420 958 2482 nihil
976 2424 1153 2502 probatum

96 2541 167 2584 esse
199 2519 441 2595 animadvertit,
493 2521 689 2582 contrariam
729 2521 960 2604 probationem
1001 2523 1153 2586 omittere
1257 2537 1260 2550 ’

94 2632 212 2708 potest.
258 2622 362 2703 Atque
383 2643 453 2685 eam
474 2625 575 2707 ipsam
595 2625 637 2684 ob
663 2645 806 2707 causam,
830 2625 920 2706 quod
940 2623 1154 2686 Thibautiana

98 2725 257 2788 sententia
276 2724 318 2782 ad
338 2726 590 2816 impugnandum
611 2727 753 2788 auctoris
770 2727 949 2787 dominium
971 2727 1058 2804 cogit
1070 2746 1154 2805 pos·

98 2839 277 2901 sessorem,
309 2823 447 2904 ingenue
471 2828 593 2906 fateor,
629 2829 799 2905 vulgarem
827 2826 908 2886 mihi
934 2825 1154 2907 praeplacere,
1216 2879 1219 2906 Ι
1299 2819 1300 2824 ’

96 2931 172 3017 quia
191 2924 364 2990 necessitas
386 2929 582 2988 contrariam
603 2927 831 3009 probationem
850 2925 1010 2986 subeundi
1026 2925 1061 2984 in
1079 2919 1162 3006 jure

96 3033 190 3096 nulla
211 3038 276 3108 est,
320 3027 384 3088 nisi
410 3030 514 3090 ceteri
542 3030 651 3091 faveat
671 3026 869 3111 praesumtio
894 3025 1020 3106 legibus
1049 3027 1161 3107 agnita,

96 3145 130 3198 et
153 3131 350 3194 confirmata.
394 3131 585 3214 cujusmodi
611 3129 812 3214 praesumtio
844 3138 1043 3189 tamencum
1065 3128 1155 3209 petiq

96 3238 179 3312 tori,
215 3234 310 3296 sicuti
330 3234 480 3315 plumbus
499 3244 593 3295 antee
613 3233 838 3295 demonstrare
858 3231 1056 3309 studuimus,
1085 3249 1154 3292 uon

98 3340 245 3417 adsistat,
264 3336 348 3398 ratio
372 3338 465 3399 nulla
491 3345 558 3411 est,
581 3357 639 3398 cur
663 3338 701 3397 ab
724 3333 912 3397 adversario
937 3332 1096 3412 exigetur,
1117 3339 1153 3394 ut

99 3451 264 3504 auctorem
283 3440 435 3524 petitoris
455 3460 525 3503 non
546 3439 649 3502 fuisse
675 3437 842 3501 dominum
869 3431 1027 3498 ostendat.

438 3605 470 3681 E
567 3680 600 3765 e.
642 3679 695 3745 22.

178 3829 306 3912 'Quibus
335 3835 511 3918 expositis,
553 3834 637 3896 nihil
666 3834 756 3915 aliud
784 3842 903 3912 restet,'
947 3851 1043 3912 quem
1061 3838 1099 3891 nt
1119 3826 1160 3896 in.

96 3927 295 4025 probatione
323 3941 410 4000 inter
436 3939 487 4000 rei
509 3937 764 3999 vindicationem
792 3947 824 3996 et
853 3934 1013 3995 actionem
1038 3931 1155 3992 Publi·

98 4044 220 4105 cianam
246 4042 312 4123 jem
340 4041 427 4121 apud
455 4038 620 4128 Romanos
650 4040 788 4100 multum
819 4036 1007 4098 interfuisse
1029 4053 1082 4094 'ex
1112 4051 1152 4090 eo

99 4146 315 4227 explicemus,
361 4141 450 4222 quod
473 4143 612 4222 multum
631 4141 759 4202 referre
787 4136 928 4198 auctoris
948 4135 1014 4198 ICti
1033 4133 1154 4208 dicunt,

98 4257 173 4309 utra
194 4246 320 4310 actione
342 4245 479 4328 petitor·
492 4251 636 4306 utatur..
672 4239 726 4304 Sic
753 4239 951 4305 Passennus
977 4234 1079 4300 Libro
1099 4241 1156 4301 280
