2960 5064
280 333 334 424 10¹

275 543 385 614 suam.
403 533 509 600 veluti
528 537 585 614 iis,
607 556 688 618 quos
713 535 883 617 superiore
901 538 1104 622 paragrapho
1120 536 1341 620 laudavimus,

278 661 344 702 rem
363 640 410 702 ad
427 662 460 702 se
474 645 647 722 pertinere,
669 639 775 703 veluti
794 643 836 702 L.
859 647 890 710 2.
915 643 948 704 C.
970 643 1008 703 de
1030 642 1177 706 uxoribus
1199 646 1342 706 mditum

249 780 254 793 ·
277 746 316 809 ΙΙ.
341 751 393 810 52.
414 747 456 806 L.
477 752 508 809 2.
531 749 559 810 5.
586 744 619 810 0.
639 744 681 804 de
699 747 746 806 rei
762 745 989 822 ¹vindicatione.
1018 746 1070 812 lli.
1089 755 1142 812 32.
1163 749 1205 810 L.
1227 755 1259 811 2.
1281 754 1340 810 21.

193 840 195 846 ’
281 850 314 914 G.
339 851 377 910 de
392 848 640 932 probationiines.
661 847 715 912 IV.
741 855 791 916 19.
812 851 852 913 L.
874 856 904 914 3.
932 851 963 912 C.
987 849 1026 914 de
1040 852 1112 936 fide
1133 865 1163 915 et
1172 856 1251 932 jure
1273 851 1343 914 ha-

277 951 497 1030 staefiscalis.
533 951 572 1011 X.
598 959 628 1016 3.
665 960 719 1012 sut
739 952 864 1035 petitor
883 953 1016 1036 jubetur
1038 959 1165 1039 impiam
1193 958 1344 1020 intentio-

276 1079 347 1117 nem
366 1059 436 1118 sive
452 1061 649 1138 petitionem,
667 1055 776 1116 veluti
796 1058 837 1116 L.
859 1063 913 1119 30.
933 1056 958 1136 3.
983 1062 1010 1118 1.
1033 1060 1077 1118 D.
1100 1059 1139 1120 de
1160 1063 1341 1142 exceptione

278 1167 324 1224 rei
335 1163 515 1242 judicatae.
535 1158 646 1220 XLIV.
666 1167 697 1222 2.
719 1161 759 1222 L.
783 1167 835 1223 21.
851 1167 903 1222 28.
927 1159 960 1224 0.
984 1161 1022 1220 de
1044 1167 1092 1223 rei
1111 1163 1338 1226 vindicatione.

276 1255 507 1329 111.32.'L.9.
532 1262 565 1323 G.
588 1263 626 1323 de
643 1268 891 1348 praescriptione
912 1266 1000 1348 longi
1021 1271 1177 1350 temporis.
1198 1263 1266 1325 VII.
1283 1271 1340 1328 33.

277 1367 429 1448 Tum-{rei
460 1365 867 1431 vindicationis'sormula
894 1366 981 1448 apud
1012 1365 1175 1434 Romanos
1205 1376 1344 1449 recepta

277 1482 346 1536 erat
372 1469 549 1554 ejusmodi,
593 1479 630 1532 ut
659 1467 805 1530 sufficere
825 1463 1020 1550 'videretur,
1060 1473 1089 1533 si
1115 1471 1239 1553 petitor
1267 1490 1344 1532 rem

276 1599 365 1640 suam
389 1592 459 1634 esse
483 1571 619 1634 dixisset
642 1579 674 1630 et
698 1589 841 1648 causam,
871 1591 930 1633 cur
950 1572 986 1636 id
1014 1573 1246 1652 contenderet,
1275 1571 1340 1631 ada

275 1681 423 1766 jecissetz
452 1695 514 1746 nec
533 1693 615 1736 vero
634 1691 767 1733 necesse
786 1682 869 1750 erat,
905 1684 942 1735 ut
962 1675 1097 1736 dominii
1123 1675 1263 1736 auctoris
1284 1675 1341 1735 fa-

277 1791 366 1844 ceret
388 1777 602 1940 inrisionem,
630 1774 658 1835 si
679 1775 718 1834 ab
740 1774 805 1834 alio
828 1775 877 1836 rei
898 1776 1018 1856 petitae
1042 1777 1222 1840 dominium
1240 1779 1341 1838 titulo

171 1927 173 1932 .
276 1882 423 1964 singula
453 1878 638 1958 accepisset.
702 1877 801 1952 Quod
825 1897 868 1938 ex
889 1881 928 1938 L.
953 1886 1003 1942 11.
1025 1880 1049 1960 3.
1076 1885 1200 1944 1-5.
1231 1882 1275 1941 D.
1298 1881 1339 1960 eie

276 1987 450 2068 exceptione
468 1984 517 2043 rei
526 1980 709 2060 judicatae.
731 1978 839 2042 XLIV.
854 1987 883 2044 2.
903 1983 1013 2064 colligi
1027 1983 1198 2046 commode
1217 1993 1338 2066 potest,

276 2088 369 2172 cujus
389 2087 413 2170 3.
437 2095 466 2158 1.
489 2096 521 2148 et
542 2065 573 2153 Ξ.
595 2104 683 2146 nunc
705 2084 892 2146 describere
912 2084 1064 2147 sufficiats

319 2227 463 2310 Denique
484 2237 515 2285 et
539 2223 644 2285 Celsus
664 2221 790 2303 scribit,
834 2225 869 2283 si
886 2223 1042 2286 hominem
1064 2229 1203 2307 petiero,
1249 2247 1341 2309 quem

321 2329 358 2390 ob
381 2349 451 2388 eam
472 2349 537 2390 rem
558 2348 660 2386 meum
681 2349 744 2389 esse
767 2330 961 2408 existimavi,
999 2328 1084 2412 quod
1103 2329 1182 2390 milei
1199 2327 1342 2414 traditae

319 2431 446 2493 cabalio
470 2443 532 2513 est,
577 2435 698 2491 cumis
721 2452 759 2490 ex
790 2430 986 2491 hereditaria
1016 2453 1115 2492 causa
1137 2453 1223 2490 meus
1243 2439 1342 2494 esset:

319 2557 430 2597 rursus
455 2539 575 2620 petenti
603 2536 798 2595 obstaturam
826 2533 904 2594 mihi
928 2538 1142 2616 exceptionem.
1207 2535 1244 2595 Si
1268 2539 1339 2616 qnia

320 2653 428 2700 autem
444 2651 536 2720 petat
553 2637 696 2718 fundum
720 2659 812 2696 suum
839 2659 918 2711 esse,
955 2659 990 2698 eo
1020 2638 1106 2720 quod
1136 2639 1240 2699 Titius
1267 2661 1340 2698 euin

319 2743 382 2803 sibi
403 2743 589 2822 tradiderit,
632 2747 662 2802 si
676 2751 790 2822 postea
816 2742 885 2800 alia
907 2762 943 2800 ex
973 2765 1072 2802 causa
1088 2753 1197 2825 petat,
1241 2736 1341 2804 eausa

319 2850 463 2932 aspecta,
492 2867 553 2907 non
583 2845 673 2909 debet
693 2848 883 2908 commoveri
904 2849 1087 2929 exceptione.
1185 2894 1189 2903 .

386 2949 387 2952 ,
496 2934 504 2954 .

754 3053 787 3138 s.
828 3051 860 3119 s.

358 3177 528 3242 Postremo
554 3172 764 3256 reperiuntur
786 3173 858 3240 loci
877 3173 913 3234 in
930 3171 1079 3254 Corpore
1093 3166 1196 3252 turis,
1217 3174 1253 3236 in
1265 3174 1340 3258 qui-

274 3287 335 3346 bus
361 3282 401 3344 de
422 3277 559 3339 dominii
579 3274 913 3366 probationessermo
941 3283 1006 3351 est3
1051 3285 1081 3336 et
1105 3288 1238 3356 praeter
1256 3278 1341 3338 titu-

273 3389 344 3447 lum
366 3379 551 3447 traditionis
564 3384 730 3460 ipsamque
744 3374 952 3437 traditionem
966 3377 1049 3439 nihil
1064 3400 1083 3439 a
1094 3379 1239 3460 petitore
1255 3400 1341 3461 pro-

273 3489 347 3550 bari
369 3489 489 3549 debere
509 3479 682 3565 perspicue
708 3477 917 3564 significatur.
960 3479 1094 3542 Praeter
1115 3483 1154 3542 L.
1175 3489 1226 3546 12.
1249 3485 1284 3550 C.
1300 3483 1341 3544 de

271 3590 524 3672 probationibus.
547 3581 602 3646 IV.
619 3589 669 3648 19.
690 3581 756 3664 jam
770 3583 809 3643 ab
829 3583 881 3643 Ill.
898 3581 1231 3646 'sarnanulaudatam
1245 3606 1339 3646 com-

275 3699 457 3759 memoratu
478 3687 574 3766 digna
598 3695 646 3746 est
667 3688 709 3746 L.
727 3693 778 3748 16.
807 3687 840 3746 0.
863 3686 930 3747 eod.
949 3685 1006 3747 ubi
1034 3685 1282 3751 Drocuarrsrus
1307 3683 1341 3748 ei

275 3789 498 3851 Maximinus
527 3787 607 3847 haec
634 3788 892 3868 rescripserunt:
1358 3774 1363 3789 '

318 3928 392 3988 Sive
401 3923 571 4009 possidetis
583 3925 740 4006 praedia,
760 3945 840 4006 quae
861 3947 884 3986 a
896 3938 994 4007 patre
1009 3929 1164 3986 communi
1184 3929 1247 3990 cibi
1259 3924 1340 4008 sra-

319 4043 390 4092 tree
412 4031 605 4109 emancipati
633 4027 754 4090 donata
784 4030 999 4090 contendentes
1030 4029 1217 4092 vindicante
1259 4035 1337 4114 ipsis

320 4133 471 4194 incumbit
484 4129 576 4211 facti
593 4132 792 4214 probationis
813 4137 999 4194 necessitas:
1019 4139 1084 4196 eice
1099 4137 1178 4216 ipsis
1194 4157 1233 4197 ea
1242 4156 1337 4218 prae-

320 4239 377 4300 dia
397 4238 488 4320 quast
511 4257 532 4296 u
560 4247 654 4318 pairs
676 4250 778 4298 vestro
806 4238 868 4303 cibi
899 4237 1018 4302 donata
1048 4239 1237 4317 tenentibus,
1280 4259 1337 4298 cos
