2960 5064
1130 415 1178 486 17

119 599 225 675 Quam
245 588 488 686 postremo'rei
509 601 737 666 vindicationis
765 616 797 668 et
818 609 953 672 actionis
970 611 1006 674 iu
1025 632 1096 677 rem
1108 613 1175 678 Pu-

111 702 277 766 blicianae
306 707 360 766 Ill.
385 701 540 765 Tmarus
555 699 937 792 'statuit‘differeutiam,
983 731 1052 776 eam
1082 727 1175 780 acute

118 803 251 885 quidem
270 804 485 898 excogitatam
508 825 546 865 ae
564 805 676 867 subtili
696 809 826 890 ingenio
852 811 993 891 dignam,
1015 835 1075 876 nec
1090 827 1179 881 vero'

116 907 166 966 ita
186 897 402 988 comparatism
436 925 505 966 esse
538 905 602 967 cet.
626 905 937 972 Unrrnnouznruus'
954 915 1093 995 ingenue
1119 921 1172 980 fa-

114 1015 222 1087 tetur,
243 1019 282 1069 ut
302 1006 504 1070 Publicianae
528 1008 663 1070 actionis
692 1011 770 1072 inde
796 1013 999 1094 intelligatur
1027 1022 1174 1082 necessi-

114 1119 176 1175 tas.
219 1113 326 1189 Atque
347 1109 399 1171 hic
420 1111 629 1191 usucapionis
652 1109 805 1194 impletae
825 1113 989 1178 fictionem
1014 1139 1086 1182 cnm
1107 1123 1173 1185 do·

116 1207 211 1279 minii
231 1211 424 1293 probatione
455 1213 634 1274 arctissime
664 1215 840 1277 cohaerere
870 1235 912 1278 ex
940 1239 1040 1300 eaque
1073 1225 1173 1288 colli-

117 1317 257 1402 gendum
278 1333 347 1373 esse
367 1322 479 1395 putat,
519 1316 718 1397 usucapione
741 1317 918 1378 dominium
935 1320 1018 1382 ¹iere
1045 1345 1174 1410 semper

116 1416 251 1502 probari
279 1416 499 1480 consuevisse.
566 1416 617 1478 Sic
639 1416 769 1498 ‘optime
800 1419 958 1500 explicari
991 1443 1090 1503 posse
1118 1431 1171 1510 ait,

117 1519 207 1604 quod
226 1517 329 1579 Gaius
352 1519 430 1578 hcet.
460 1520 575 1581 Oomm.
600 1519 644 1585 II.
666 1519 690 1600 §.
717 1521 924 1598 44·.·scribit,
967 1520 1043 1583 ideo
1075 1546 1172 1590 rece..

112 1635 204 1706 ptam
225 1640 301 1680 esse
316 1619 564 1704 usucapionem,
605 1639 648 1684 ne
675 1643 787 1688 rerum
817 1621 960 1688 dominia
991 1621 1112 1690 diutius
1137 1629 1173 1693 iu

109 1728 257 1810 incertos
273 1727 394 1800 essent,
812 1729 815 1734 '

296 1927 300 1936 '
606 1967 613 1984 .
655 1918 707 1986 13.

126 2043 128 2052 '
196 2038 244 2099 Ac
273 2033 354 2097 mihi
382 2037 513 2118 quidem
541 1921 700 2102 mesmoria
735 2035 899 2120 repetenti
936 2046 970 2099 et
997 2037 1172 2121 diligenter

113 2132 353 2214 consideranti,
382 2138 526 2218 quaeda
550 2139 694 2204 dominio
718 2139 892 2222 probando
917 2138 1095 2229 clarissima
1114 2163 1174 2202 ue·

17 2267 23 2276 ¹
112 2243 187 2304 tatis
214 2248 348 2302 nostrae
366 2240 494 2321 ingenia
515 2245 689 2321 senserint,
710 2241 841 2321 accidit,
859 2251 913 2320 ut,
933 2261 1031 2322 quum
1046 2244 1174 2304 utrius-

113 2364 175 2426 que
197 2343 263 2404 viri
283 2343 488 2405 celeberrimi
509 2353 697 2425 argumenta
718 2343 974 2425 perpenderem,
1012 2345 1068 2406 diu
1090 2345 1173 2407 hae-

111 2448 260 2523 sitarem,
295 2455 405 2506 utrum
427 2447 543 2507 ducem
565 2457 596 2508 et
624 2456 790 2508 auctorem
812 2464 977 2526 sequerer.
1027 2447 1173 2510 Praeva-

111 2549 246 2610 luerunt
267 2546 398 2608 tandem
421 2547 466 2609 ct.
490 2547 771 2610 Uarrnnouznrur
794 2557 981 2628 argumenta
1004 2557 1100 2632 atque
1120 2549 1172 2610 ef-

110 2637 278 2731 fecerunt,
317 2660 355 2711 ut
375 2650 505 2732 vulgari
534 2651 575 2711 de
605 2650 742 2711 dominii
770 2650 967 2729 probatione
993 2649 1173 2712 sententiae

113 2751 309 2815 accederem.
350 2751 513 2813 Attamen
533 2753 736 2832 acquiescere
755 2751 791 2810 in
811 2750 850 2810 iis
871 2771 940 2812 non
962 2751 1068 2832 potui.
1097 2749 1174 2810 Pri-

113 2871 207 2928 mum¹
224 2851 309 2909 enim
330 2871 368 2911 re
389 2853 566 2912 accuratius
596 2873 722 2912 mecum
751 2850 957 2912 considerata
991 2851 1055 2912 alia
1073 2869 1175 2928 argu·

112 2962 236 3028 menta,
272 2952 388 3031 quibua
404 2951 554 3032 ¹uulgaris
583 2952 742 3013 sententia
762 2949 896 3012 delendi
920 2951 1041 3032 possit,
1076 2951 1176 3011 inve-

110 3055 197 3115 nisse
219 3053 300 3114 mihi
314 3053 444 3115 videor.
487 3052 675 3132 Praeterea,
695 3053 774 3114 licet
793 3051 855 3115 Cel.
870 3051 1174 3115 Unruunonznrnns

109 3155 220 3237 legum
249 3156 443 3217 auctoritate
478 3154 602 3218 firmari
635 3177 703 3218 eam
732 3175 801 3238 nup
835 3174 934 3238 posse
965 3175 1022 3216 sue
1056 3141 1178 3235 sponte

110 3259 278 3340 professus
303 3258 360 3336 sit,
375 3259 380 3266 “
395 3267 502 3320 tamen
523 3281 593 3322 non
613 3280 715 3342 nego,
752 3257 831 3320 mihi
850 3278 920 3320 non
947 3255 1096 3318 inutilem
1117 3255 1175 3316 vi-

112 3379 177 3420 sam
200 3379 271 3420 esse
299 3361 408 3440 legum
438 3361 659 3425 collationem.
725 3360 936 3443 Quapropter
970 3378 1065 3439 quam
1081 3355 1174 3416 'dili-

113 3461 296 3540 gentissime
319 3471 351 3520 et
370 3463 496 3543 Corpus
522 3461 608 3524 luris
629 3472 662 3522 et
683 3461 770 3524 luris
791 3456 1062 3542 Antejustinianei
1082 3457 1175 3538 fraga

113 3569 220 3621 menta
239 3559 367 3641 perlegi
398 3571 431 3621 et
452 3563 695 3642 quibuscunque
717 3562 800 3622 locis
825 3561 866 3620 de
890 3557 1027 3620 dominii
1046 3559 1171 3639 proba-

112 3661 203 3722 tione
225 3660 277 3740 agi
300 3660 497 3739 arbitrabar,
527 3682 604 3740 eos,
634 3663 662 3722 si
681 3661 722 3734 ad
743 3680 813 3724 rem
832 3681 936 3722 meam
963 3659 1073 3722 facere
1092 3655 1172 3718 mihi

4 3807 10 3816 .
111 3762 323 3842 viderentur,
346 3762 510 3826 adnotavi.
553 3764 627 3837 Quo
650 3764 755 3844 sacto,
778 3765 807 3826 si
831 3763 961 3847 quidem
982 3761 1091 3842 legum
1114 3779 1171 3819 ar-

113 3873 298 3945 gumentum
323 3867 407 3927 bene
430 3864 597 3944 intellexi,
640 3885 751 3930 earum
782 3863 975 3928 auctoritate
1002 3861 1173 3940 vulgarem

114 3965 304 4026 sententiam
335 3967 520 4030 confirmari
555 3968 636 4030 mihi
672 3969 830 4052 persuasi.
894 3961 1038 4026 Instituti
1065 3971 1170 4022 autem

113 4067 220 4128 nostri
236 4068 321 4128 ratio
345 4070 411 4129 itta·
431 4077 493 4146 est,
533 4079 570 4130 ut
593 4069 700 4150 primo
724 4066 802 4153 loco
832 4075 1020 4150 argumenta
1038 4081 1170 4146 propo-

114 4190 242 4247 namus,
287 4171 401 4251 quibus
432 4181 565 4252 praeter
595 4171 739 4234 rationes
767 4192 786 4232 a
813 4170 859 4232 Ol.
884 4169 1169 4230 Unrnauonannuo

115 4267 264 4356 allegatas
287 4269 442 4356 probatio
466 4270 602 4336 dominii
625 4273 767 4338 auctoris
790 4268 922 4337 delendi
949 4281 1048 4350 posse
1075 4260 1192 4324 vide-³

942 4370 965 4433 2
1125 4371 1127 4377 ,
