2866 5064
8 577 9 658 ᾖ
76 541 150 651 gine·
140 527 423 654 praescriptionis
434 525 527 654 longi
538 567 695 656 temporis
710 549 939 656 explicandum
953 551 1012 660 est,
1031 556 1127 678 qnam

8 663 9 730 l
75 667 112 732 ab
138 671 233 733 initio
266 672 309 733 ad
337 671 575 738 defendendam
603 692 714 735 aarum
750 693 862 738 rerum
885 682 1129 758 possessionem

8 817 9 838 2
78 771 177 834 edicto
208 771 375 836 Praetoris
403 782 530 839 consmt
568 794 638 836 esse
666 774 956 856 introductam,'
943 801 979 841 ιιι
1008 787 1125 866 quibu.

8 889 9 892 ’
76 875 142 954 quia
167 871 350 939 domimum
377 895 418 938 ex
452 875 527 959 jure
557 873 734 950 Quiritium
770 897 840 939 non
873 875 1126 976 intelligebatur,

8 1061 9 1074 χ
73 993 171 1056 neque
191 976 349 1060 usucapio
372 977 507 1060 cogitari
528 987 669 1061 poteret
714 975 780 1039 Sed
810 979 855 1041 ct.
882 979 1056 1050 Hunscnan
1071 1011 1124 1076 pn

72 1075 144 1139 Inst.
168 1078 208 1139 cle
230 1081 483 1163 usucapionibus.
528 1077 568 1141 ll.
592 1084 622 1145 6.
652 1089 685 1143 et
712 1084 754 1145 L
776 1086 808 1145 8
833 1106 886 1166 pr.
917 1085 949 1148 0.
980 1087 1018 1149 de
1032 1112 1130 1172 pras·

72 1173 233 1263 scriptione
255 1183 364 1244 XXX
381 1183 433 1244 vei
454 1184 529 1246 XL.
551 1205 717 1246 annorum.
752 1184 822 1248 VlI.
837 1193 891 1252 39.
913 1187 1048 1254 videtur
1063 1217 1126 1260 ns

72 1283 214 1365 glexisse.
253 1283 368 1365 ‚Priori
396 1285 474 1349 loco
503 1281 718 1350 intermunus
748 1285 790 1350 de
809 1289 1019 1371 usucapionis
1039 1301 1131 1362 anti.

72 1393 147 1466 qnae
167 1387 459 1450 transformatione
482 1408 502 1452 a
522 1408 558 1450 se
582 1386 758 1450 constituta
780 1387 827 1451 ita
845 1385 1012 1479 loquitur,
1035 1379 1127 1480 qnasi

70 1489 150 1550 nihil
168 1487 303 1572 praeter
326 1500 451 1572 tempus
471 1489 688 1572 possessionis
709 1511 746 1553 ac
766 1492 936 1572 locorum,
980 1495 1021 1558 ad
1044 1496 1127 1584 quac'

69 1592 220 1673 usucapio
244 1592 456 1673 pertinuerit,
496 1591 718 1656 diversitatem
747 1595 932 1658 mutaverit.
977 1596 1128 1668 Ceterum

70 1694 357 1794 praescriptionem
375 1692 468 1774 longi
486 1681 644 1786 temporie
666 1715 685 1755 a
703 1713 739 1755 se
756 1695 1025 1762 confirmatam
998 1722 1053 1785 sae,
1077 1708 1130 1772 uti

72 1797 229 1878 antiquam
251 1794 499 1880 usucapionem,
537 1795 672 1860 modum
695 1796 833 1878 dominii
856 1799 1045 1882 acquirendi
1065 1828 1127 1895 ap-

72 1899 177 1982 pellat.
222 1893 324 1972 Quo'd
341 1907 432 1982 patet
452 1918 495 1959 ex
515 1897 566 1960 his
590 1899 719 1962 verbis:
764 1899 809 1961 Et
834 1900 903 1963 ideo
933 1911 1130 1974 constitutio·

72 2027 137 2066 ιιιιιι
153 2023 249 2084 super
269 2001 329 2064 boc
343 2021 459 2081 proma
460 2005 634 2086 lgavinuts,
674 2019 739 2086 qua
761 2017 892 2066 cautum
911 2017 975 2088 est,
1018 2023 1055 2071 ιιι
1076 2035 1127 2078 m

73 2109 192 2199 quidem
210 2105 338 2166 mobiles
354 2104 622 2188 pertriennium,
663 2097 834 2168 immobiles
862 2128 935 2168 vero
959 2130 1021 2190 per
1039 2114 1128 2200 longi

74 2213 212 2304 temporis
229 2209 472 2294 possessionem,
506 2208 544 2270 id
563 2220 627 2288 est,
664 2213 747 2270 inter
763 2222 946 2290 praesentes
967 2212 1128 2294 decennio,

75 2318 147 2375 inter
168 2313 311 2375 absentes
332 2315 450 2394 viginti
471 2311 581 2398 annis,
616 2315 867 2398 uerecapianturt
901 2326 932 2374 et
952 2313 1004 2378 his
1025 2295 1128 2403 modis

75 2438 129 2510 non
149 2417 287 2479 solum'
273 2437 308 2475 ιιι
329 2417 451 2492 Italia,
483 2415 541 2476 sed
560 2419 657 2478 etiam
678 2417 714 2476 in
735 2421 820 2478 omni
838 2429 943 2503 terra,
972 2442 1053 2504 quae
1072 2444 1132 2515 no·¹

75 2533 131 2582 stro
157 2521 299 2616 Imperio
325 2518 538 2602 gubernatur,
580 2519 721 2582 dominia
742 2541 864 2602 rerum,
901 2525 1000 2602 justa
1028 2519 1130 2618 ιιιιιιιι

73 2626 265 2706 possessionis
281 2623 505 2706 praecedente,
526 2614 746 2706 acquirantur.
791 2619 943 2688 Secundo
966 2623 1044 2687 loco
1065 2626 1128 2688 Ju-

75 2747 238 2826 sprnrnnus
259 2726 458 2806 possessori,
496 2747 552 2807 qur
542 2723 664 2806 longi
687 2724 845 2807 temporis
866 2727 1129 2812 praescriptione

74 2849 135 2890 rem
160 2829 302 2912 aliquam
334 2827 568 2908 acquisiverat,
612 2824 664 2888 rei
696 2824 950 2890 vindicationem
986 2829 1128 2894 fortuito

76 2921 181 2992 imissa
200 2927 412 3014 possessione
434 2927 600 3003 concedit,
617 2925 668 2990 lris
689 2926 819 2989 verbiss
837 2927 875 2988 Si
895 2929 967 3012 quis
987 2935 1132 2994 emtionis

76 3035 120 3096 rel
137 3035 317 3095 donationis
338 3031 391 3092 vel
407 3028 553 3093 'alterius
581 3035 796 3114 cujuscunque
824 3044 1006 3094 contraetus
1034 3035 1128 3108 titztbs
1226 3101 1229 3106 ,
1334 3049 1351 3104 ,“

78 3161 133 3199 rem
152 3140 299 3220 aliquam
320 3133 485 3212 bonafide
507 3156 567 3218 per
595 3136 701 3197 decern
721 3134 785 3194 vet·
801 3133 919 3218 viginti
941 3155 1041 3224 annos
1056 3157 1132 3218 pos·

79 3243 182 3310 sederit
204 3251 235 3302 et
257 3240 346 3322 longi
366 3244 513 3322 temperis
541 3241 751 3322 exceptionem
770 3231 880 3299 contra
901 3238 1042 3299 domitos
1063 3242 1133 3318 sp'us

80 3349 122 3406 vel
140 3346 310 3407 creditores
332 3341 536 3428 hypothecam
565 3348 634 3423 ejus
655 3339 902 3425 praetendentes
930 3341 992 3401 sibi
1013 3325 1131 3422 acqui-'³

84 3452 156 3509 sierit
171 3460 346 3533 posteaque
368 3445 507 3528 fortuito
530 3465 610 3507 casu
626 3445 851 3530 possessionem
869 3447 938 3523 ιῘιιι
959 3463 1007 3501 ree
1001 3439 1133 3534 perdi·
1185 3425 1191 3436 ¹

86 3549 170 3614 derit.-
209 3571 305 3650 posse
332 3569 403 3608 eum
429 3553 526 3642 etiam
552 3550 707 3609 actionem
734 3544 781 3606 ad
807 3541 1037 3605 vindicandam
1064 3563 1132 3604 rem

84 3657 200 3716 eandem
222 3653 338 3716 habere
359 3637 538 3714 sancimus:
580 3650 639 3712 laos
661 3653 743 3711 enim
773 3658 803 3708 et
822 3658 940 3708 veteres
961 3646 1060 3730 leges,
1103 3645 1134 3707 si

82 3763 142 3842 quis
164 3781 219 3822 eas
242 3769 327 3822 reete
346 3757 533 3851 inspexerit,
555 3753 748 3815 sanciebant.
813 3747 864 3812 Ex
886 3758 1029 3831 utroque
1053 3749 1133 3846 loeo
1212 3813 1223 3838 s

82 3861 178 3940 patet,
220 3861 315 3942 longi
336 3858 493 3940 temporis
515 3855 805 3939 praescriptionem
827 3848 963 3914 modum
985 3869 1056 3911 esse
1076 3867 1134 3910 ac-

84 3962 227 4042 quirendi
258 3961 395 4024 dominii
421 3968 455 4021 et
482 3958 524 4019 ad
550 3959 601 4021 rei
623 3957 877 4020 vindicationem
904 3949 1136 4014 instituendam
1189 3991 1193 4018 .

84 4064 180 4126 bonae
203 4063 283 4125 fidei
301 4056 486 4145 pdssessori
510 4063 732 4133 necessariam,
751 4058 779 4122 si
794 4078 874 4136 rem,
895 4053 988 4136 cujus
1000 4069 1136 4143 posses-

87 4166 205 4228 sionem
221 4166 360 4228 sortuito
384 4184 461 4226 casu
484 4162 643 4242 amiserit,
663 4179 860 4244 recuperare
882 4155 980 4232 velit,
1008 4150 1138 4244 sivein

88 4251 532 4352 menibus-priorisidomini,
554 4267 625 4329 sive
645 4263 681 4326 in
698 4270 861 4346 potestate
886 4249 1042 4320 ιιιιιῐιθῖ
1054 4251 1138 4323 06Πὲ

909 4349 932 4424 b
