<?xml version="1.0" encoding="UTF-8"?>
<!DOCTYPE html PUBLIC "-//W3C//DTD XHTML 1.0 Transitional//EN"
    "http://www.w3.org/TR/xhtml1/DTD/xhtml1-transitional.dtd">
<html xmlns="http://www.w3.org/1999/xhtml" xml:lang="en" lang="en">
 <head>
  <title>
</title>
<meta http-equiv="Content-Type" content="text/html;charset=utf-8" />
  <meta name='ocr-system' content='tesseract 3.04.00' />
  <meta name='ocr-capabilities' content='ocr_page ocr_carea ocr_par ocr_line ocrx_word'/>
</head>
<body>
  <div class='ocr_page' id='page_1' title='image "./dedominiiprobat00heimgoog/dedominiiprobat00heimgoog_0035.png"; bbox 0 0 2960 5064; ppageno 0'>
   <div class='ocr_carea' id='block_1_1' title="bbox 314 600 1379 792">
    <p class='ocr_par' dir='ltr' id='par_1_1' title="bbox 314 600 1379 792">
     <span class='ocr_line' id='line_1_1' title="bbox 314 600 1379 689; baseline -0.009 -15"><span class='ocrx_word' id='word_1_1' title='bbox 314 623 404 689; x_wconf 88' lang='lat' dir='ltr'><strong>atur,</strong></span> <span class='ocrx_word' id='word_1_2' title='bbox 425 631 461 671; x_wconf 86' lang='lat' dir='ltr'><strong>ac</strong></span> <span class='ocrx_word' id='word_1_3' title='bbox 486 605 604 668; x_wconf 88' lang='lat' dir='ltr'><strong>deinde</strong></span> <span class='ocrx_word' id='word_1_4' title='bbox 625 605 660 666; x_wconf 89' lang='lat' dir='ltr'><strong>in</strong></span> <span class='ocrx_word' id='word_1_5' title='bbox 681 603 776 666; x_wconf 86' lang='lat' dir='ltr'><strong>locos</strong></span> <span class='ocrx_word' id='word_1_6' title='bbox 799 601 907 687; x_wconf 84' lang='lat' dir='ltr'><strong>legum</strong></span> <span class='ocrx_word' id='word_1_7' title='bbox 929 612 1130 680; x_wconf 89' lang='lat' dir='ltr'><strong>nostrarum,</strong></span> <span class='ocrx_word' id='word_1_8' title='bbox 1165 601 1222 685; x_wconf 90' lang='lat' dir='ltr'><strong>qui</strong></span> <span class='ocrx_word' id='word_1_9' title='bbox 1240 600 1280 663; x_wconf 85' lang='lat' dir='ltr'><strong>ad</strong></span> <span class='ocrx_word' id='word_1_10' title='bbox 1303 621 1379 664; x_wconf 86' lang='lat' dir='ltr'><strong>eam</strong></span> 
     </span>
     <span class='ocr_line' id='line_1_2' title="bbox 314 705 1163 792; baseline -0.014 -14"><span class='ocrx_word' id='word_1_11' title='bbox 314 711 501 778; x_wconf 88' lang='lat' dir='ltr'><strong>firmandam</strong></span> <span class='ocrx_word' id='word_1_12' title='bbox 524 707 593 773; x_wconf 85' lang='lat' dir='ltr'><strong>vim</strong></span> <span class='ocrx_word' id='word_1_13' title='bbox 612 707 741 792; x_wconf 76' lang='lat' dir='ltr'><strong>possint</strong></span> <span class='ocrx_word' id='word_1_14' title='bbox 760 705 901 787; x_wconf 87' lang='lat' dir='ltr'><strong>babere,</strong></span> <span class='ocrx_word' id='word_1_15' title='bbox 924 706 1163 790; x_wconf 82' lang='lat' dir='ltr'><strong>investigemus.</strong></span> 
     </span>
    </p>
   </div>
   <div class='ocr_carea' id='block_1_2' title="bbox 777 829 970 979">
    <p class='ocr_par' dir='ltr' id='par_1_2' title="bbox 777 829 970 979">
     <span class='ocr_line' id='line_1_3' title="bbox 777 829 970 979; baseline -0.01 -19"><span class='ocrx_word' id='word_1_16' title='bbox 777 893 810 979; x_wconf 70' lang='lat' dir='ltr'><strong>a.</strong></span> <span class='ocrx_word' id='word_1_17' title='bbox 853 892 905 960; x_wconf 79' lang='lat'><strong>14.</strong></span> <span class='ocrx_word' id='word_1_18' title='bbox 965 829 970 843; x_wconf 43' lang='lat'><em>¹</em></span> 
     </span>
    </p>
   </div>
   <div class='ocr_carea' id='block_1_3' title="bbox 315 1012 1383 1710">
    <p class='ocr_par' dir='ltr' id='par_1_3' title="bbox 315 1012 1383 1710">
     <span class='ocr_line' id='line_1_4' title="bbox 420 1012 1382 1100; baseline -0.008 -18"><span class='ocrx_word' id='word_1_19' title='bbox 420 1019 563 1082; x_wconf 86' lang='lat' dir='ltr'><strong>Primam</strong></span> <span class='ocrx_word' id='word_1_20' title='bbox 591 1014 789 1100; x_wconf 77' lang='lat' dir='ltr'><strong>praesumtio</strong></span> <span class='ocrx_word' id='word_1_21' title='bbox 821 1013 863 1076; x_wconf 90' lang='lat' dir='ltr'><strong>de</strong></span> <span class='ocrx_word' id='word_1_22' title='bbox 896 1013 1039 1077; x_wconf 86' lang='lat' dir='ltr'><strong>auctoris</strong></span> <span class='ocrx_word' id='word_1_23' title='bbox 1070 1012 1235 1091; x_wconf 91' lang='lat' dir='ltr'><strong>dominio,</strong></span> <span class='ocrx_word' id='word_1_24' title='bbox 1277 1033 1382 1094; x_wconf 89' lang='lat' dir='ltr'><strong>quam</strong></span> 
     </span>
     <span class='ocr_line' id='line_1_5' title="bbox 316 1114 1383 1211; baseline -0.012 -24"><span class='ocrx_word' id='word_1_25' title='bbox 316 1127 456 1211; x_wconf 87' lang='lat' dir='ltr'><strong>probato</strong></span> <span class='ocrx_word' id='word_1_26' title='bbox 489 1121 586 1182; x_wconf 90' lang='lat' dir='ltr'><strong>titulo</strong></span> <span class='ocrx_word' id='word_1_27' title='bbox 613 1139 650 1180; x_wconf 91' lang='lat' dir='ltr'><strong>ac</strong></span> <span class='ocrx_word' id='word_1_28' title='bbox 683 1117 783 1178; x_wconf 87' lang='lat' dir='ltr'><strong>modo</strong></span> <span class='ocrx_word' id='word_1_29' title='bbox 813 1119 1003 1200; x_wconf 74' lang='lat' dir='ltr'><strong>acquirendi</strong></span> <span class='ocrx_word' id='word_1_30' title='bbox 1028 1114 1256 1181; x_wconf 80' lang='lat' dir='ltr'><strong>Ill.&#39;ln1uaur</strong></span> <span class='ocrx_word' id='word_1_31' title='bbox 1284 1115 1383 1182; x_wconf 59' lang='lat' dir='ltr'><strong>adsim¹</strong></span> 
     </span>
     <span class='ocr_line' id='line_1_6' title="bbox 316 1217 1382 1307; baseline -0.01 -18"><span class='ocrx_word' id='word_1_32' title='bbox 316 1239 404 1290; x_wconf 89' lang='lat' dir='ltr'><strong>stere</strong></span> <span class='ocrx_word' id='word_1_33' title='bbox 426 1232 518 1307; x_wconf 89' lang='lat' dir='ltr'><strong>putat</strong></span> <span class='ocrx_word' id='word_1_34' title='bbox 542 1221 694 1304; x_wconf 90' lang='lat' dir='ltr'><strong>petitori,</strong></span> <span class='ocrx_word' id='word_1_35' title='bbox 715 1220 816 1282; x_wconf 84' lang='lat' dir='ltr'><strong>variis</strong></span> <span class='ocrx_word' id='word_1_36' title='bbox 841 1240 883 1281; x_wconf 83' lang='lat' dir='ltr'><strong>ex</strong></span> <span class='ocrx_word' id='word_1_37' title='bbox 903 1220 1005 1281; x_wconf 90' lang='lat' dir='ltr'><strong>causis</strong></span> <span class='ocrx_word' id='word_1_38' title='bbox 1030 1241 1099 1280; x_wconf 90' lang='lat' dir='ltr'><strong>non</strong></span> <span class='ocrx_word' id='word_1_39' title='bbox 1120 1218 1257 1279; x_wconf 87' lang='lat' dir='ltr'><strong>serenda</strong></span> <span class='ocrx_word' id='word_1_40' title='bbox 1276 1217 1382 1279; x_wconf 82' lang='lat' dir='ltr'><strong>vide-</strong></span> 
     </span>
     <span class='ocr_line' id='line_1_7' title="bbox 315 1319 1381 1406; baseline -0.011 -14"><span class='ocrx_word' id='word_1_41' title='bbox 315 1339 381 1392; x_wconf 83' lang='lat' dir='ltr'><strong>tur.</strong></span> <span class='ocrx_word' id='word_1_42' title='bbox 424 1326 506 1387; x_wconf 86' lang='lat' dir='ltr'><strong>Nam</strong></span> <span class='ocrx_word' id='word_1_43' title='bbox 528 1344 627 1405; x_wconf 90' lang='lat' dir='ltr'><strong>quum</strong></span> <span class='ocrx_word' id='word_1_44' title='bbox 647 1324 845 1406; x_wconf 72' lang='lat' dir='ltr'><strong>praesumtio</strong></span> <span class='ocrx_word' id='word_1_45' title='bbox 865 1323 948 1406; x_wconf 83' lang='lat' dir='ltr'><strong>juris</strong></span> <span class='ocrx_word' id='word_1_46' title='bbox 972 1332 1097 1384; x_wconf 89' lang='lat' dir='ltr'><strong>tantum</strong></span> <span class='ocrx_word' id='word_1_47' title='bbox 1118 1321 1176 1398; x_wconf 89' lang='lat' dir='ltr'><strong>sit,</strong></span> <span class='ocrx_word' id='word_1_48' title='bbox 1210 1339 1292 1400; x_wconf 90' lang='lat' dir='ltr'><strong>quae</strong></span> <span class='ocrx_word' id='word_1_49' title='bbox 1314 1319 1381 1381; x_wconf 89' lang='lat' dir='ltr'><strong>ad-</strong></span> 
     </span>
     <span class='ocr_line' id='line_1_8' title="bbox 316 1421 1382 1508; baseline -0.015 -16"><span class='ocrx_word' id='word_1_50' title='bbox 316 1431 415 1492; x_wconf 84' lang='lat' dir='ltr'><strong>mittit</strong></span> <span class='ocrx_word' id='word_1_51' title='bbox 444 1429 639 1489; x_wconf 89' lang='lat' dir='ltr'><strong>contrariam</strong></span> <span class='ocrx_word' id='word_1_52' title='bbox 667 1426 915 1508; x_wconf 79' lang='lat' dir='ltr'><strong>probationem,</strong></span> <span class='ocrx_word' id='word_1_53' title='bbox 956 1424 1044 1486; x_wconf 91' lang='lat' dir='ltr'><strong>illud</strong></span> <span class='ocrx_word' id='word_1_54' title='bbox 1074 1421 1280 1505; x_wconf 89' lang='lat' dir='ltr'><strong>potissimum</strong></span> <span class='ocrx_word' id='word_1_55' title='bbox 1315 1423 1382 1485; x_wconf 91' lang='lat' dir='ltr'><strong>ob.</strong></span> 
     </span>
     <span class='ocr_line' id='line_1_9' title="bbox 316 1527 1380 1611; baseline -0.008 -17"><span class='ocrx_word' id='word_1_56' title='bbox 316 1541 395 1609; x_wconf 86' lang='lat' dir='ltr'><strong>atat,</strong></span> <span class='ocrx_word' id='word_1_57' title='bbox 429 1527 519 1611; x_wconf 88' lang='lat' dir='ltr'><strong>quod</strong></span> <span class='ocrx_word' id='word_1_58' title='bbox 539 1527 728 1609; x_wconf 88' lang='lat' dir='ltr'><strong>hujusmodi</strong></span> <span class='ocrx_word' id='word_1_59' title='bbox 745 1527 981 1608; x_wconf 81' lang='lat' dir='ltr'><strong>praesumtioni</strong></span> <span class='ocrx_word' id='word_1_60' title='bbox 1001 1527 1095 1588; x_wconf 91' lang='lat' dir='ltr'><strong>locus</strong></span> <span class='ocrx_word' id='word_1_61' title='bbox 1116 1543 1186 1584; x_wconf 90' lang='lat' dir='ltr'><strong>esse</strong></span> <span class='ocrx_word' id='word_1_62' title='bbox 1206 1545 1276 1585; x_wconf 88' lang='lat' dir='ltr'><strong>nou</strong></span> <span class='ocrx_word' id='word_1_63' title='bbox 1294 1535 1380 1605; x_wconf 88' lang='lat' dir='ltr'><strong>pot-</strong></span> 
     </span>
     <span class='ocr_line' id='line_1_10' title="bbox 315 1625 1378 1710; baseline -0.006 -16"><span class='ocrx_word' id='word_1_64' title='bbox 315 1643 383 1710; x_wconf 89' lang='lat' dir='ltr'><strong>est,</strong></span> <span class='ocrx_word' id='word_1_65' title='bbox 403 1631 468 1692; x_wconf 90' lang='lat' dir='ltr'><strong>nisi</strong></span> <span class='ocrx_word' id='word_1_66' title='bbox 491 1638 547 1689; x_wconf 85' lang='lat' dir='ltr'><strong>aut</strong></span> <span class='ocrx_word' id='word_1_67' title='bbox 566 1629 691 1708; x_wconf 84' lang='lat' dir='ltr'><strong>legibus</strong></span> <span class='ocrx_word' id='word_1_68' title='bbox 713 1629 819 1708; x_wconf 83' lang='lat' dir='ltr'><strong>agnita</strong></span> <span class='ocrx_word' id='word_1_69' title='bbox 840 1638 872 1688; x_wconf 92' lang='lat' dir='ltr'><strong>et</strong></span> <span class='ocrx_word' id='word_1_70' title='bbox 899 1627 1089 1691; x_wconf 86' lang='lat' dir='ltr'><strong>confirmata</strong></span> <span class='ocrx_word' id='word_1_71' title='bbox 1107 1627 1158 1706; x_wconf 91' lang='lat' dir='ltr'><strong>sit,</strong></span> <span class='ocrx_word' id='word_1_72' title='bbox 1180 1636 1235 1686; x_wconf 87' lang='lat' dir='ltr'><strong>aut</strong></span> <span class='ocrx_word' id='word_1_73' title='bbox 1258 1647 1301 1686; x_wconf 84' lang='lat' dir='ltr'><strong>ex</strong></span> <span class='ocrx_word' id='word_1_74' title='bbox 1320 1625 1378 1688; x_wconf 85' lang='lat' dir='ltr'><strong>in-</strong></span> 
     </span>
    </p>
   </div>
   <div class='ocr_carea' id='block_1_4' title="bbox 316 1727 1469 1812">
    <p class='ocr_par' dir='ltr' id='par_1_4' title="bbox 316 1727 1469 1812">
     <span class='ocr_line' id='line_1_11' title="bbox 316 1727 1469 1812; baseline -0.003 -17"><span class='ocrx_word' id='word_1_75' title='bbox 316 1733 422 1795; x_wconf 87' lang='lat' dir='ltr'><strong>stituti</strong></span> <span class='ocrx_word' id='word_1_76' title='bbox 452 1729 621 1812; x_wconf 86' lang='lat' dir='ltr'><strong>cujusdam</strong></span> <span class='ocrx_word' id='word_1_77' title='bbox 646 1739 762 1791; x_wconf 89' lang='lat' dir='ltr'><strong>natura</strong></span> <span class='ocrx_word' id='word_1_78' title='bbox 790 1749 853 1810; x_wconf 91' lang='lat' dir='ltr'><strong>per</strong></span> <span class='ocrx_word' id='word_1_79' title='bbox 878 1750 913 1791; x_wconf 91' lang='lat' dir='ltr'><strong>se</strong></span> <span class='ocrx_word' id='word_1_80' title='bbox 941 1728 1150 1812; x_wconf 85' lang='lat' dir='ltr'><strong>intelligatur.</strong></span> <span class='ocrx_word' id='word_1_81' title='bbox 1216 1727 1317 1802; x_wconf 89' lang='lat' dir='ltr'><strong>Quod</strong></span> <span class='ocrx_word' id='word_1_82' title='bbox 1341 1731 1382 1792; x_wconf 88' lang='lat' dir='ltr'><strong>in</strong></span> <span class='ocrx_word' id='word_1_83' title='bbox 1468 1803 1469 1808; x_wconf 8' lang='grc' dir='ltr'>η</span> 
     </span>
    </p>
   </div>
   <div class='ocr_carea' id='block_1_5' title="bbox 218 1829 1469 2026">
    <p class='ocr_par' dir='ltr' id='par_1_5' title="bbox 218 1829 1469 2026">
     <span class='ocr_line' id='line_1_12' title="bbox 315 1829 1379 1914; baseline -0.001 -19"><span class='ocrx_word' id='word_1_84' title='bbox 315 1835 376 1896; x_wconf 87' lang='lat' dir='ltr'><strong>hac</strong></span> <span class='ocrx_word' id='word_1_85' title='bbox 403 1831 646 1914; x_wconf 77' lang='lat' dir='ltr'><strong>praesumtione</strong></span> <span class='ocrx_word' id='word_1_86' title='bbox 668 1829 768 1910; x_wconf 86' lang='lat' dir='ltr'><strong>longe</strong></span> <span class='ocrx_word' id='word_1_87' title='bbox 789 1829 886 1892; x_wconf 88' lang='lat' dir='ltr'><strong>aliter</strong></span> <span class='ocrx_word' id='word_1_88' title='bbox 905 1851 976 1892; x_wconf 89' lang='lat' dir='ltr'><strong>sese</strong></span> <span class='ocrx_word' id='word_1_89' title='bbox 997 1831 1103 1894; x_wconf 81' lang='lat' dir='ltr'><strong>babet</strong></span> <span class='ocrx_word' id='word_1_90' title='bbox 1148 1830 1262 1912; x_wconf 83' lang='lat' dir='ltr'><strong>Neque</strong></span> <span class='ocrx_word' id='word_1_91' title='bbox 1291 1833 1379 1894; x_wconf 86' lang='lat' dir='ltr'><strong>caim</strong></span> 
     </span>
     <span class='ocr_line' id='line_1_13' title="bbox 218 1930 1469 2026; baseline 0 -31"><span class='ocrx_word' id='word_1_92' title='bbox 218 1930 222 1946; x_wconf 72' lang='lat'><em>⁶</em></span> <span class='ocrx_word' id='word_1_93' title='bbox 316 1937 422 2016; x_wconf 85' lang='lat' dir='ltr'><strong>legem</strong></span> <span class='ocrx_word' id='word_1_94' title='bbox 443 1932 591 1994; x_wconf 84' lang='lat' dir='ltr'><strong>invenies</strong></span> <span class='ocrx_word' id='word_1_95' title='bbox 613 1932 730 2008; x_wconf 88' lang='lat' dir='ltr'><strong>ullam,</strong></span> <span class='ocrx_word' id='word_1_96' title='bbox 765 1955 829 2014; x_wconf 88' lang='lat' dir='ltr'><strong>qua</strong></span> <span class='ocrx_word' id='word_1_97' title='bbox 850 1932 956 1994; x_wconf 89' lang='lat' dir='ltr'><strong>simile</strong></span> <span class='ocrx_word' id='word_1_98' title='bbox 978 1931 1057 2016; x_wconf 91' lang='lat' dir='ltr'><strong>quid</strong></span> <span class='ocrx_word' id='word_1_99' title='bbox 1081 1934 1302 2012; x_wconf 87' lang='lat' dir='ltr'><strong>contineatur,</strong></span> <span class='ocrx_word' id='word_1_100' title='bbox 1338 1955 1378 1995; x_wconf 90' lang='lat' dir='ltr'><strong>ac</strong></span> <span class='ocrx_word' id='word_1_101' title='bbox 1468 2015 1469 2026; x_wconf 10' lang='grc' dir='ltr'>ἵ</span> 
     </span>
    </p>
   </div>
   <div class='ocr_carea' id='block_1_6' title="bbox 224 2033 1469 2218">
    <p class='ocr_par' dir='ltr' id='par_1_6' title="bbox 224 2033 1469 2218">
     <span class='ocr_line' id='line_1_14' title="bbox 315 2033 1469 2118; baseline 0.001 -20"><span class='ocrx_word' id='word_1_102' title='bbox 315 2038 345 2098; x_wconf 87' lang='lat' dir='ltr'><strong>si</strong></span> <span class='ocrx_word' id='word_1_103' title='bbox 369 2036 575 2115; x_wconf 80' lang='lat' dir='ltr'><strong>continetur,</strong></span> <span class='ocrx_word' id='word_1_104' title='bbox 610 2033 703 2094; x_wconf 87' lang='lat' dir='ltr'><strong>aliam</strong></span> <span class='ocrx_word' id='word_1_105' title='bbox 724 2053 857 2116; x_wconf 86' lang='lat' dir='ltr'><strong>eamque</strong></span> <span class='ocrx_word' id='word_1_106' title='bbox 879 2034 1043 2096; x_wconf 84' lang='lat' dir='ltr'><strong>diversam</strong></span> <span class='ocrx_word' id='word_1_107' title='bbox 1070 2035 1378 2118; x_wconf 87' lang='lat' dir='ltr'><strong>interpretationem</strong></span> <span class='ocrx_word' id='word_1_108' title='bbox 1468 2035 1469 2060; x_wconf 65' lang='lat'>¹</span> 
     </span>
     <span class='ocr_line' id='line_1_15' title="bbox 224 2135 1469 2218; baseline 0.002 -18"><span class='ocrx_word' id='word_1_109' title='bbox 224 2181 227 2190; x_wconf 79' lang='lat'><em>·</em></span> <span class='ocrx_word' id='word_1_110' title='bbox 316 2138 488 2200; x_wconf 85' lang='lat' dir='ltr'><strong>admittere</strong></span> <span class='ocrx_word' id='word_1_111' title='bbox 511 2136 749 2212; x_wconf 82' lang='lat' dir='ltr'><strong>eamvidebis,</strong></span> <span class='ocrx_word' id='word_1_112' title='bbox 778 2137 874 2198; x_wconf 87' lang='lat' dir='ltr'><strong>sicuti</strong></span> <span class='ocrx_word' id='word_1_113' title='bbox 896 2137 933 2198; x_wconf 90' lang='lat' dir='ltr'><strong>in</strong></span> <span class='ocrx_word' id='word_1_114' title='bbox 956 2137 1083 2218; x_wconf 84' lang='lat' dir='ltr'><strong>legibus</strong></span> <span class='ocrx_word' id='word_1_115' title='bbox 1106 2161 1125 2201; x_wconf 87' lang='lat' dir='ltr'><strong>a</strong></span> <span class='ocrx_word' id='word_1_116' title='bbox 1147 2139 1193 2201; x_wconf 83' lang='lat' dir='ltr'><strong>ct.</strong></span> <span class='ocrx_word' id='word_1_117' title='bbox 1219 2135 1378 2202; x_wconf 83' lang='lat' dir='ltr'><strong>Tamara·</strong></span> <span class='ocrx_word' id='word_1_118' title='bbox 1468 2173 1469 2208; x_wconf 69' lang='grc'>;</span> 
     </span>
    </p>
   </div>
   <div class='ocr_carea' id='block_1_7' title="bbox 316 2236 1379 2322">
    <p class='ocr_par' dir='ltr' id='par_1_7' title="bbox 316 2221 1469 2326">
     <span class='ocr_line' id='line_1_16' title="bbox 316 2236 1379 2322; baseline 0.002 -22"><span class='ocrx_word' id='word_1_119' title='bbox 316 2239 462 2322; x_wconf 81' lang='lat' dir='ltr'><strong>allegetis</strong></span> <span class='ocrx_word' id='word_1_120' title='bbox 484 2238 551 2322; x_wconf 84' lang='lat' dir='ltr'><strong>jam</strong></span> <span class='ocrx_word' id='word_1_121' title='bbox 575 2239 638 2303; x_wconf 78' lang='lat' dir='ltr'><strong>Cel.</strong></span> <span class='ocrx_word' id='word_1_122' title='bbox 659 2236 963 2300; x_wconf 77' lang='lat' dir='ltr'><strong>Unrmuoaanauus</strong></span> <span class='ocrx_word' id='word_1_123' title='bbox 985 2238 1242 2317; x_wconf 78' lang='lat' dir='ltr'><strong>demonstravit3</strong></span> <span class='ocrx_word' id='word_1_124' title='bbox 1268 2260 1379 2322; x_wconf 86' lang='lat' dir='ltr'><strong>neque</strong></span> 
     </span>
    </p>
   </div>
   <div class='ocr_carea' id='block_1_8' title="bbox 195 2340 1378 2424">
    <p class='ocr_par' dir='ltr' id='par_1_8' title="bbox 195 2340 1378 2424">
     <span class='ocr_line' id='line_1_17' title="bbox 195 2340 1378 2424; baseline 0.001 -21"><span class='ocrx_word' id='word_1_125' title='bbox 195 2403 198 2412; x_wconf 74' lang='grc'>,</span> <span class='ocrx_word' id='word_1_126' title='bbox 313 2340 563 2403; x_wconf 75' lang='lat' dir='ltr'><strong>translationem</strong></span> <span class='ocrx_word' id='word_1_127' title='bbox 587 2340 724 2402; x_wconf 87' lang='lat' dir='ltr'><strong>dominii</strong></span> <span class='ocrx_word' id='word_1_128' title='bbox 743 2362 815 2402; x_wconf 86' lang='lat' dir='ltr'><strong>rem</strong></span> <span class='ocrx_word' id='word_1_129' title='bbox 834 2351 900 2402; x_wconf 88' lang='lat' dir='ltr'><strong>tam</strong></span> <span class='ocrx_word' id='word_1_130' title='bbox 919 2340 1050 2404; x_wconf 76' lang='lat' dir='ltr'><strong>facilem</strong></span> <span class='ocrx_word' id='word_1_131' title='bbox 1071 2363 1142 2404; x_wconf 86' lang='lat' dir='ltr'><strong>esse</strong></span> <span class='ocrx_word' id='word_1_132' title='bbox 1158 2343 1378 2424; x_wconf 84' lang='lat' dir='ltr'><strong>arbitraberis,</strong></span> 
     </span>
    </p>
   </div>
   <div class='ocr_carea' id='block_1_9' title="bbox 299 2440 1468 4382">
    <p class='ocr_par' dir='ltr' id='par_1_9' title="bbox 299 2440 1468 4382">
     <span class='ocr_line' id='line_1_18' title="bbox 313 2440 1378 2530; baseline 0.006 -28"><span class='ocrx_word' id='word_1_133' title='bbox 313 2450 352 2502; x_wconf 89' lang='lat' dir='ltr'><strong>ut</strong></span> <span class='ocrx_word' id='word_1_134' title='bbox 373 2440 555 2524; x_wconf 91' lang='lat' dir='ltr'><strong>quicunque</strong></span> <span class='ocrx_word' id='word_1_135' title='bbox 577 2463 648 2505; x_wconf 90' lang='lat' dir='ltr'><strong>rem</strong></span> <span class='ocrx_word' id='word_1_136' title='bbox 669 2464 711 2505; x_wconf 83' lang='lat' dir='ltr'><strong>ex</strong></span> <span class='ocrx_word' id='word_1_137' title='bbox 728 2445 816 2527; x_wconf 86' lang='lat' dir='ltr'><strong>justa</strong></span> <span class='ocrx_word' id='word_1_138' title='bbox 837 2461 932 2505; x_wconf 90' lang='lat' dir='ltr'><strong>causa</strong></span> <span class='ocrx_word' id='word_1_139' title='bbox 960 2443 1056 2506; x_wconf 84' lang='lat' dir='ltr'><strong>alteri</strong></span> <span class='ocrx_word' id='word_1_140' title='bbox 1082 2443 1272 2525; x_wconf 84' lang='lat' dir='ltr'><strong>tradiderit,</strong></span> <span class='ocrx_word' id='word_1_141' title='bbox 1312 2465 1378 2530; x_wconf 88' lang='lat' dir='ltr'><strong>pro</strong></span> 
     </span>
     <span class='ocr_line' id='line_1_19' title="bbox 315 2542 1377 2627; baseline 0.008 -24"><span class='ocrx_word' id='word_1_142' title='bbox 315 2542 450 2606; x_wconf 88' lang='lat' dir='ltr'><strong>domiuo</strong></span> <span class='ocrx_word' id='word_1_143' title='bbox 473 2543 582 2605; x_wconf 86' lang='lat' dir='ltr'><strong>atatim</strong></span> <span class='ocrx_word' id='word_1_144' title='bbox 600 2543 767 2608; x_wconf 86' lang='lat' dir='ltr'><strong>habendus</strong></span> <span class='ocrx_word' id='word_1_145' title='bbox 792 2545 843 2608; x_wconf 85' lang='lat' dir='ltr'><strong>sit.</strong></span> <span class='ocrx_word' id='word_1_146' title='bbox 884 2543 1042 2627; x_wconf 80' lang='lat' dir='ltr'><strong>Alioquin</strong></span> <span class='ocrx_word' id='word_1_147' title='bbox 1065 2555 1097 2607; x_wconf 93' lang='lat' dir='ltr'><strong>et</strong></span> <span class='ocrx_word' id='word_1_148' title='bbox 1118 2546 1153 2606; x_wconf 90' lang='lat' dir='ltr'><strong>in</strong></span> <span class='ocrx_word' id='word_1_149' title='bbox 1169 2547 1245 2608; x_wconf 85' lang='lat' dir='ltr'><strong>fure</strong></span> <span class='ocrx_word' id='word_1_150' title='bbox 1264 2557 1298 2610; x_wconf 87' lang='lat' dir='ltr'><strong>et</strong></span> <span class='ocrx_word' id='word_1_151' title='bbox 1318 2571 1377 2612; x_wconf 90' lang='lat' dir='ltr'><strong>ra·</strong></span> 
     </span>
     <span class='ocr_line' id='line_1_20' title="bbox 309 2644 1379 2732; baseline 0.009 -27"><span class='ocrx_word' id='word_1_152' title='bbox 309 2655 409 2728; x_wconf 87' lang='lat' dir='ltr'><strong>ptore</strong></span> <span class='ocrx_word' id='word_1_153' title='bbox 430 2644 518 2706; x_wconf 86' lang='lat' dir='ltr'><strong>idem</strong></span> <span class='ocrx_word' id='word_1_154' title='bbox 539 2646 789 2711; x_wconf 86' lang='lat' dir='ltr'><strong>existimandum</strong></span> <span class='ocrx_word' id='word_1_155' title='bbox 810 2657 912 2726; x_wconf 89' lang='lat' dir='ltr'><strong>esset,</strong></span> <span class='ocrx_word' id='word_1_156' title='bbox 948 2648 994 2708; x_wconf 89' lang='lat' dir='ltr'><strong>ita</strong></span> <span class='ocrx_word' id='word_1_157' title='bbox 1015 2656 1052 2709; x_wconf 91' lang='lat' dir='ltr'><strong>nt</strong></span> <span class='ocrx_word' id='word_1_158' title='bbox 1072 2647 1173 2710; x_wconf 87' lang='lat' dir='ltr'><strong>bomo</strong></span> <span class='ocrx_word' id='word_1_159' title='bbox 1203 2649 1379 2732; x_wconf 85' lang='lat' dir='ltr'><strong>ejusmodi,</strong></span> 
     </span>
     <span class='ocr_line' id='line_1_21' title="bbox 312 2746 1468 2838; baseline 0.009 -30"><span class='ocrx_word' id='word_1_160' title='bbox 312 2748 342 2808; x_wconf 90' lang='lat' dir='ltr'><strong>si</strong></span> <span class='ocrx_word' id='word_1_161' title='bbox 362 2766 433 2808; x_wconf 89' lang='lat' dir='ltr'><strong>rem</strong></span> <span class='ocrx_word' id='word_1_162' title='bbox 454 2746 551 2809; x_wconf 84' lang='lat' dir='ltr'><strong>alteri</strong></span> <span class='ocrx_word' id='word_1_163' title='bbox 568 2749 772 2812; x_wconf 80' lang='lat' dir='ltr'><strong>vendidisset</strong></span> <span class='ocrx_word' id='word_1_164' title='bbox 791 2755 879 2814; x_wconf 92' lang='lat' dir='ltr'><strong>bona</strong></span> <span class='ocrx_word' id='word_1_165' title='bbox 900 2749 966 2814; x_wconf 84' lang='lat' dir='ltr'><strong>fide</strong></span> <span class='ocrx_word' id='word_1_166' title='bbox 990 2750 1176 2832; x_wconf 78' lang='lat' dir='ltr'><strong>accipienti,</strong></span> <span class='ocrx_word' id='word_1_167' title='bbox 1200 2754 1295 2816; x_wconf 89' lang='lat' dir='ltr'><strong>etiam</strong></span> <span class='ocrx_word' id='word_1_168' title='bbox 1309 2776 1373 2838; x_wconf 92' lang='lat' dir='ltr'><strong>pro</strong></span> <span class='ocrx_word' id='word_1_169' title='bbox 1467 2755 1468 2796; x_wconf 67' lang='grc' dir='ltr'>ἶ</span> 
     </span>
     <span class='ocr_line' id='line_1_22' title="bbox 308 2847 1468 2934; baseline 0.01 -25"><span class='ocrx_word' id='word_1_170' title='bbox 308 2849 446 2910; x_wconf 85' lang='lat' dir='ltr'><strong>domino</strong></span> <span class='ocrx_word' id='word_1_171' title='bbox 468 2848 637 2913; x_wconf 88' lang='lat' dir='ltr'><strong>habendus</strong></span> <span class='ocrx_word' id='word_1_172' title='bbox 663 2863 748 2915; x_wconf 90' lang='lat' dir='ltr'><strong>esset</strong></span> <span class='ocrx_word' id='word_1_173' title='bbox 769 2855 910 2930; x_wconf 88' lang='lat' dir='ltr'><strong>tamdiu,</strong></span> <span class='ocrx_word' id='word_1_174' title='bbox 938 2853 1093 2934; x_wconf 85' lang='lat' dir='ltr'><strong>quamdiu</strong></span> <span class='ocrx_word' id='word_1_175' title='bbox 1111 2874 1188 2916; x_wconf 86' lang='lat' dir='ltr'><strong>reus</strong></span> <span class='ocrx_word' id='word_1_176' title='bbox 1210 2867 1285 2918; x_wconf 85' lang='lat' dir='ltr'><strong>eum</strong></span> <span class='ocrx_word' id='word_1_177' title='bbox 1305 2879 1375 2922; x_wconf 87' lang='lat' dir='ltr'><strong>non</strong></span> <span class='ocrx_word' id='word_1_178' title='bbox 1467 2847 1468 2908; x_wconf 56' lang='grc' dir='ltr'><strong>ἦ</strong></span> 
     </span>
     <span class='ocr_line' id='line_1_23' title="bbox 309 2941 1468 3042; baseline 0.009 -31"><span class='ocrx_word' id='word_1_179' title='bbox 309 2951 413 3012; x_wconf 84' lang='lat' dir='ltr'><strong>fuisse</strong></span> <span class='ocrx_word' id='word_1_180' title='bbox 433 2950 602 3015; x_wconf 88' lang='lat' dir='ltr'><strong>dominum</strong></span> <span class='ocrx_word' id='word_1_181' title='bbox 621 2975 691 3017; x_wconf 90' lang='lat' dir='ltr'><strong>non</strong></span> <span class='ocrx_word' id='word_1_182' title='bbox 712 2968 934 3020; x_wconf 87' lang='lat' dir='ltr'><strong>monstrasset.</strong></span> <span class='ocrx_word' id='word_1_183' title='bbox 996 2957 1049 3017; x_wconf 86' lang='lat' dir='ltr'><strong>Ad</strong></span> <span class='ocrx_word' id='word_1_184' title='bbox 1077 2977 1170 3040; x_wconf 89' lang='lat' dir='ltr'><strong>qaam</strong></span> <span class='ocrx_word' id='word_1_185' title='bbox 1198 2961 1374 3042; x_wconf 81' lang='lat' dir='ltr'><strong>probatio·</strong></span> <span class='ocrx_word' id='word_1_186' title='bbox 1467 2941 1468 2958; x_wconf 13' lang='grc' dir='ltr'><strong>Χ</strong></span> 
     </span>
     <span class='ocr_line' id='line_1_24' title="bbox 311 3054 1372 3142; baseline 0.011 -30"><span class='ocrx_word' id='word_1_187' title='bbox 311 3070 406 3128; x_wconf 87' lang='lat' dir='ltr'><strong>uem,</strong></span> <span class='ocrx_word' id='word_1_188' title='bbox 450 3057 478 3114; x_wconf 88' lang='lat' dir='ltr'><strong>si</strong></span> <span class='ocrx_word' id='word_1_189' title='bbox 504 3054 587 3135; x_wconf 87' lang='lat' dir='ltr'><strong>juris</strong></span> <span class='ocrx_word' id='word_1_190' title='bbox 617 3059 813 3122; x_wconf 87' lang='lat' dir='ltr'><strong>strictissimi</strong></span> <span class='ocrx_word' id='word_1_191' title='bbox 841 3062 1004 3123; x_wconf 87' lang='lat' dir='ltr'><strong>rationem</strong></span> <span class='ocrx_word' id='word_1_192' title='bbox 1024 3061 1196 3142; x_wconf 89' lang='lat' dir='ltr'><strong>habemus,</strong></span> <span class='ocrx_word' id='word_1_193' title='bbox 1225 3061 1372 3124; x_wconf 88' lang='lat' dir='ltr'><strong>sufficere</strong></span> 
     </span>
     <span class='ocr_line' id='line_1_25' title="bbox 311 3162 1375 3248; baseline 0.012 -34"><span class='ocrx_word' id='word_1_194' title='bbox 311 3171 381 3214; x_wconf 85' lang='lat' dir='ltr'><strong>non</strong></span> <span class='ocrx_word' id='word_1_195' title='bbox 401 3162 529 3234; x_wconf 87' lang='lat' dir='ltr'><strong>potest,</strong></span> <span class='ocrx_word' id='word_1_196' title='bbox 562 3177 582 3216; x_wconf 86' lang='lat' dir='ltr'><strong>a</strong></span> <span class='ocrx_word' id='word_1_197' title='bbox 601 3177 679 3236; x_wconf 88' lang='lat' dir='ltr'><strong>reo,</strong></span> <span class='ocrx_word' id='word_1_198' title='bbox 715 3181 787 3222; x_wconf 89' lang='lat' dir='ltr'><strong>rem</strong></span> <span class='ocrx_word' id='word_1_199' title='bbox 809 3181 880 3222; x_wconf 86' lang='lat' dir='ltr'><strong>esse</strong></span> <span class='ocrx_word' id='word_1_200' title='bbox 903 3162 1060 3224; x_wconf 80' lang='lat' dir='ltr'><strong>furtivam</strong></span> <span class='ocrx_word' id='word_1_201' title='bbox 1082 3165 1140 3224; x_wconf 81' lang='lat' dir='ltr'><strong>vel</strong></span> <span class='ocrx_word' id='word_1_202' title='bbox 1158 3165 1195 3228; x_wconf 82' lang='lat' dir='ltr'><strong>vi</strong></span> <span class='ocrx_word' id='word_1_203' title='bbox 1219 3175 1375 3248; x_wconf 80' lang='lat' dir='ltr'><strong>ereptam,</strong></span> 
     </span>
     <span class='ocr_line' id='line_1_26' title="bbox 310 3254 1461 3348; baseline 0.017 -35"><span class='ocrx_word' id='word_1_204' title='bbox 310 3254 464 3336; x_wconf 87' lang='lat' dir='ltr'><strong>probari,</strong></span> <span class='ocrx_word' id='word_1_205' title='bbox 501 3257 660 3338; x_wconf 90' lang='lat' dir='ltr'><strong>quoniam</strong></span> <span class='ocrx_word' id='word_1_206' title='bbox 687 3259 761 3322; x_wconf 85' lang='lat' dir='ltr'><strong>fieri</strong></span> <span class='ocrx_word' id='word_1_207' title='bbox 795 3261 938 3325; x_wconf 83' lang='lat' dir='ltr'><strong>fortasse</strong></span> <span class='ocrx_word' id='word_1_208' title='bbox 963 3265 1090 3348; x_wconf 89' lang='lat' dir='ltr'><strong>potuit,</strong></span> <span class='ocrx_word' id='word_1_209' title='bbox 1133 3274 1170 3328; x_wconf 87' lang='lat' dir='ltr'><strong>ut</strong></span> <span class='ocrx_word' id='word_1_210' title='bbox 1199 3268 1271 3348; x_wconf 90' lang='lat' dir='ltr'><strong>quis</strong></span> <span class='ocrx_word' id='word_1_211' title='bbox 1301 3289 1374 3331; x_wconf 89' lang='lat' dir='ltr'><strong>rem</strong></span> <span class='ocrx_word' id='word_1_212' title='bbox 1458 3257 1461 3264; x_wconf 43' lang='lat'>¹</span> 
     </span>
     <span class='ocr_line' id='line_1_27' title="bbox 308 3359 1374 3448; baseline 0.016 -32"><span class='ocrx_word' id='word_1_213' title='bbox 308 3375 415 3430; x_wconf 85' lang='lat' dir='ltr'><strong>suant,</strong></span> <span class='ocrx_word' id='word_1_214' title='bbox 453 3379 548 3440; x_wconf 87' lang='lat' dir='ltr'><strong>quam</strong></span> <span class='ocrx_word' id='word_1_215' title='bbox 569 3359 707 3423; x_wconf 89' lang='lat' dir='ltr'><strong>alienam</strong></span> <span class='ocrx_word' id='word_1_216' title='bbox 729 3383 801 3424; x_wconf 88' lang='lat' dir='ltr'><strong>esse</strong></span> <span class='ocrx_word' id='word_1_217' title='bbox 819 3370 1003 3448; x_wconf 89' lang='lat' dir='ltr'><strong>putaverit,</strong></span> <span class='ocrx_word' id='word_1_218' title='bbox 1039 3369 1166 3429; x_wconf 81' lang='lat' dir='ltr'><strong>furatus</strong></span> <span class='ocrx_word' id='word_1_219' title='bbox 1187 3369 1231 3431; x_wconf 88' lang='lat' dir='ltr'><strong>sit</strong></span> <span class='ocrx_word' id='word_1_220' title='bbox 1257 3380 1314 3432; x_wconf 89' lang='lat' dir='ltr'><strong>aut</strong></span> <span class='ocrx_word' id='word_1_221' title='bbox 1336 3371 1374 3433; x_wconf 86' lang='lat' dir='ltr'><strong>vi</strong></span> 
     </span>
     <span class='ocr_line' id='line_1_28' title="bbox 311 3457 1374 3552; baseline 0.015 -34"><span class='ocrx_word' id='word_1_222' title='bbox 311 3458 491 3525; x_wconf 86' lang='lat' dir='ltr'><strong>abstulerit.</strong></span> <span class='ocrx_word' id='word_1_223' title='bbox 534 3457 585 3523; x_wconf 83' lang='lat' dir='ltr'><strong>Ex</strong></span> <span class='ocrx_word' id='word_1_224' title='bbox 606 3472 725 3528; x_wconf 86' lang='lat' dir='ltr'><strong>natura</strong></span> <span class='ocrx_word' id='word_1_225' title='bbox 754 3477 843 3530; x_wconf 87' lang='lat' dir='ltr'><strong>certe</strong></span> <span class='ocrx_word' id='word_1_226' title='bbox 871 3470 1055 3534; x_wconf 87' lang='lat' dir='ltr'><strong>traditionis</strong></span> <span class='ocrx_word' id='word_1_227' title='bbox 1082 3472 1282 3552; x_wconf 85' lang='lat' dir='ltr'><strong>praesumtio</strong></span> <span class='ocrx_word' id='word_1_228' title='bbox 1305 3472 1374 3534; x_wconf 85' lang='lat' dir='ltr'><strong>do-</strong></span> 
     </span>
     <span class='ocr_line' id='line_1_29' title="bbox 309 3560 1373 3656; baseline 0.019 -35"><span class='ocrx_word' id='word_1_229' title='bbox 309 3560 401 3622; x_wconf 86' lang='lat' dir='ltr'><strong>minii</strong></span> <span class='ocrx_word' id='word_1_230' title='bbox 422 3567 581 3643; x_wconf 87' lang='lat' dir='ltr'><strong>auctoris,</strong></span> <span class='ocrx_word' id='word_1_231' title='bbox 617 3568 714 3631; x_wconf 90' lang='lat' dir='ltr'><strong>sicuti</strong></span> <span class='ocrx_word' id='word_1_232' title='bbox 737 3589 780 3631; x_wconf 83' lang='lat' dir='ltr'><strong>cx</strong></span> <span class='ocrx_word' id='word_1_233' title='bbox 804 3581 920 3636; x_wconf 83' lang='lat' dir='ltr'><strong>natura</strong></span> <span class='ocrx_word' id='word_1_234' title='bbox 948 3574 1084 3634; x_wconf 89' lang='lat' dir='ltr'><strong>dominii</strong></span> <span class='ocrx_word' id='word_1_235' title='bbox 1101 3577 1300 3656; x_wconf 87' lang='lat' dir='ltr'><strong>praesumtio</strong></span> <span class='ocrx_word' id='word_1_236' title='bbox 1324 3579 1373 3640; x_wconf 88' lang='lat' dir='ltr'><strong>li-</strong></span> 
     </span>
     <span class='ocr_line' id='line_1_30' title="bbox 308 3658 1373 3760; baseline 0.026 -45"><span class='ocrx_word' id='word_1_237' title='bbox 308 3658 442 3723; x_wconf 86' lang='lat' dir='ltr'><strong>bertatis</strong></span> <span class='ocrx_word' id='word_1_238' title='bbox 462 3667 575 3743; x_wconf 87' lang='lat' dir='ltr'><strong>sandi,</strong></span> <span class='ocrx_word' id='word_1_239' title='bbox 597 3671 743 3734; x_wconf 84' lang='lat' dir='ltr'><strong>derivari</strong></span> <span class='ocrx_word' id='word_1_240' title='bbox 763 3697 832 3736; x_wconf 90' lang='lat' dir='ltr'><strong>non</strong></span> <span class='ocrx_word' id='word_1_241' title='bbox 851 3686 972 3756; x_wconf 82' lang='lat' dir='ltr'><strong>potest.</strong></span> <span class='ocrx_word' id='word_1_242' title='bbox 1015 3677 1098 3738; x_wconf 91' lang='lat' dir='ltr'><strong>Nam</strong></span> <span class='ocrx_word' id='word_1_243' title='bbox 1117 3678 1161 3759; x_wconf 88' lang='lat' dir='ltr'><strong>si,</strong></span> <span class='ocrx_word' id='word_1_244' title='bbox 1184 3684 1239 3760; x_wconf 90' lang='lat' dir='ltr'><strong>qui</strong></span> <span class='ocrx_word' id='word_1_245' title='bbox 1260 3681 1373 3743; x_wconf 87' lang='lat' dir='ltr'><strong>domi-</strong></span> 
     </span>
     <span class='ocr_line' id='line_1_31' title="bbox 308 3774 1372 3864; baseline 0.022 -47"><span class='ocrx_word' id='word_1_246' title='bbox 308 3776 370 3820; x_wconf 84' lang='lat' dir='ltr'><strong>uus</strong></span> <span class='ocrx_word' id='word_1_247' title='bbox 392 3779 547 3845; x_wconf 85' lang='lat' dir='ltr'><strong>nonest,</strong></span> <span class='ocrx_word' id='word_1_248' title='bbox 585 3774 764 3836; x_wconf 86' lang='lat' dir='ltr'><strong>secundum</strong></span> <span class='ocrx_word' id='word_1_249' title='bbox 783 3781 884 3859; x_wconf 73' lang='lat' dir='ltr'><strong>legem</strong></span> <span class='ocrx_word' id='word_1_250' title='bbox 904 3785 957 3840; x_wconf 83' lang='lat'><strong>20.</strong></span> <span class='ocrx_word' id='word_1_251' title='bbox 980 3781 1025 3848; x_wconf 78' lang='lat' dir='ltr'><strong>D.</strong></span> <span class='ocrx_word' id='word_1_252' title='bbox 1048 3783 1086 3842; x_wconf 83' lang='lat' dir='ltr'><strong>dc</strong></span> <span class='ocrx_word' id='word_1_253' title='bbox 1106 3785 1297 3864; x_wconf 81' lang='lat' dir='ltr'><strong>acquirendo</strong></span> <span class='ocrx_word' id='word_1_254' title='bbox 1319 3809 1372 3846; x_wconf 83' lang='lat' dir='ltr'><strong>re.</strong></span> 
     </span>
     <span class='ocr_line' id='line_1_32' title="bbox 308 3866 1370 3969; baseline 0.027 -49"><span class='ocrx_word' id='word_1_255' title='bbox 308 3881 378 3922; x_wconf 82' lang='lat' dir='ltr'><strong>rum</strong></span> <span class='ocrx_word' id='word_1_256' title='bbox 398 3866 545 3934; x_wconf 81' lang='lat' dir='ltr'><strong>dominio.</strong></span> <span class='ocrx_word' id='word_1_257' title='bbox 567 3874 646 3939; x_wconf 75' lang='grc' dir='ltr'><strong>ΧΗ.</strong></span> <span class='ocrx_word' id='word_1_258' title='bbox 669 3884 698 3938; x_wconf 84' lang='lat' dir='ltr'><strong>t.</strong></span> <span class='ocrx_word' id='word_1_259' title='bbox 719 3877 802 3937; x_wconf 85' lang='lat' dir='ltr'><strong>nihil</strong></span> <span class='ocrx_word' id='word_1_260' title='bbox 822 3881 977 3942; x_wconf 83' lang='lat' dir='ltr'><strong>transfert</strong></span> <span class='ocrx_word' id='word_1_261' title='bbox 999 3883 1180 3961; x_wconf 86' lang='lat' dir='ltr'><strong>tradendo,</strong></span> <span class='ocrx_word' id='word_1_262' title='bbox 1216 3908 1285 3949; x_wconf 87' lang='lat' dir='ltr'><strong>non</strong></span> <span class='ocrx_word' id='word_1_263' title='bbox 1307 3909 1370 3969; x_wconf 87' lang='lat' dir='ltr'><strong>ap·</strong></span> 
     </span>
     <span class='ocr_line' id='line_1_33' title="bbox 307 3977 1369 4068; baseline 0.025 -43"><span class='ocrx_word' id='word_1_264' title='bbox 307 3977 419 4045; x_wconf 85' lang='lat' dir='ltr'><strong>paret,</strong></span> <span class='ocrx_word' id='word_1_265' title='bbox 461 3993 598 4051; x_wconf 89' lang='lat' dir='ltr'><strong>quanam</strong></span> <span class='ocrx_word' id='word_1_266' title='bbox 621 3979 753 4040; x_wconf 88' lang='lat' dir='ltr'><strong>tandem</strong></span> <span class='ocrx_word' id='word_1_267' title='bbox 772 3981 899 4042; x_wconf 88' lang='lat' dir='ltr'><strong>ratione</strong></span> <span class='ocrx_word' id='word_1_268' title='bbox 916 4003 957 4042; x_wconf 89' lang='lat' dir='ltr'><strong>ex</strong></span> <span class='ocrx_word' id='word_1_269' title='bbox 980 3983 1169 4068; x_wconf 85' lang='lat' dir='ltr'><strong>hujusmodi</strong></span> <span class='ocrx_word' id='word_1_270' title='bbox 1189 3989 1369 4053; x_wconf 88' lang='lat' dir='ltr'><strong>traditione</strong></span> 
     </span>
     <span class='ocr_line' id='line_1_34' title="bbox 305 4070 1366 4172; baseline 0.028 -47"><span class='ocrx_word' id='word_1_271' title='bbox 305 4071 369 4126; x_wconf 83' lang='lat' dir='ltr'><strong>tam</strong></span> <span class='ocrx_word' id='word_1_272' title='bbox 394 4070 542 4136; x_wconf 84' lang='lat' dir='ltr'><strong>violenta</strong></span> <span class='ocrx_word' id='word_1_273' title='bbox 564 4081 691 4143; x_wconf 88' lang='lat' dir='ltr'><strong>oriatur</strong></span> <span class='ocrx_word' id='word_1_274' title='bbox 710 4085 909 4165; x_wconf 87' lang='lat' dir='ltr'><strong>praesumtio</strong></span> <span class='ocrx_word' id='word_1_275' title='bbox 936 4084 976 4145; x_wconf 91' lang='lat' dir='ltr'><strong>de</strong></span> <span class='ocrx_word' id='word_1_276' title='bbox 1002 4088 1072 4170; x_wconf 87' lang='lat' dir='ltr'><strong>ejus</strong></span> <span class='ocrx_word' id='word_1_277' title='bbox 1099 4089 1258 4162; x_wconf 87' lang='lat' dir='ltr'><strong>dominio,</strong></span> <span class='ocrx_word' id='word_1_278' title='bbox 1281 4112 1366 4172; x_wconf 91' lang='lat' dir='ltr'><strong>quae</strong></span> 
     </span>
     <span class='ocr_line' id='line_1_35' title="bbox 299 4169 1363 4268; baseline 0.029 -44"><span class='ocrx_word' id='word_1_279' title='bbox 299 4169 504 4242; x_wconf 84' lang='lat' dir='ltr'><strong>probationis</strong></span> <span class='ocrx_word' id='word_1_280' title='bbox 526 4179 598 4243; x_wconf 82' lang='lat' dir='ltr'><strong>fera</strong></span> <span class='ocrx_word' id='word_1_281' title='bbox 620 4183 697 4244; x_wconf 93' lang='lat' dir='ltr'><strong>loco</strong></span> <span class='ocrx_word' id='word_1_282' title='bbox 724 4193 787 4263; x_wconf 89' lang='lat' dir='ltr'><strong>est,</strong></span> <span class='ocrx_word' id='word_1_283' title='bbox 829 4205 929 4268; x_wconf 89' lang='lat' dir='ltr'><strong>quum</strong></span> <span class='ocrx_word' id='word_1_284' title='bbox 951 4189 1172 4255; x_wconf 88' lang='lat' dir='ltr'><strong>difficillimam</strong></span> <span class='ocrx_word' id='word_1_285' title='bbox 1200 4213 1270 4254; x_wconf 86' lang='lat' dir='ltr'><strong>esse</strong></span> <span class='ocrx_word' id='word_1_286' title='bbox 1301 4215 1363 4255; x_wconf 93' lang='lat' dir='ltr'><strong>reo</strong></span> 
     </span>
     <span class='ocr_line' id='line_1_36' title="bbox 299 4268 1362 4382; baseline 0.03 -56"><span class='ocrx_word' id='word_1_287' title='bbox 299 4268 530 4346; x_wconf 83' lang='lat' dir='ltr'><strong>probationem</strong></span> <span class='ocrx_word' id='word_1_288' title='bbox 558 4287 753 4351; x_wconf 88' lang='lat' dir='ltr'><strong>contrariam</strong></span> <span class='ocrx_word' id='word_1_289' title='bbox 775 4289 814 4350; x_wconf 87' lang='lat' dir='ltr'><strong>ab</strong></span> <span class='ocrx_word' id='word_1_290' title='bbox 835 4279 894 4350; x_wconf 75' lang='lat' dir='ltr'><strong>let</strong></span> <span class='ocrx_word' id='word_1_291' title='bbox 912 4289 1067 4368; x_wconf 78' lang='lat' dir='ltr'><strong>&#39;l&#39;umaaa</strong></span> <span class='ocrx_word' id='word_1_292' title='bbox 1089 4295 1271 4382; x_wconf 84' lang='lat' dir='ltr'><strong>impositam</strong></span> <span class='ocrx_word' id='word_1_293' title='bbox 1293 4295 1362 4379; x_wconf 81' lang='lat' dir='ltr'><strong>jam</strong></span> 
     </span>
    </p>
   </div>
   <div class='ocr_carea' id='block_1_10' title="bbox 0 0 1484 5064">
    <p class='ocr_par' dir='ltr' id='par_1_10' title="bbox 0 0 1484 5064">
     <span class='ocr_line' id='line_1_37' title="bbox 0 0 1484 5064; baseline 0 1"><span class='ocrx_word' id='word_1_294' title='bbox 0 0 1484 5064; x_wconf 95' lang='lat' dir='ltr'><strong> </strong></span> 
     </span>
    </p>
   </div>
  </div>
 </body>
</html>
