2960 5064
1122 363 1170 438 11

158 568 321 636 coheredes
350 572 512 645 constituti
535 568 640 646 putris
665 568 792 647 petitis:
834 578 870 626 ut
896 569 1094 626 intentionem
1121 588 1176 627 ee·

1 698 5 728 ι
159 687 261 735 stram
281 695 343 734 non
365 675 537 735 constitisse
559 669 723 752 detegant,
745 669 827 730 undo
850 669 969 730 domini
978 669 1073 749 facti
1091 683 1174 752 sunt,

113 827 120 836 ,
161 781 331 861 emergenti
351 778 530 858 quaestione
552 773 662 836 docere
688 773 922 852 compelluntur.
1016 831 1018 838 ,

116 896 194 970 Quo
215 897 249 957 in
272 894 435 974 rescripto
459 893 574 955 verbo:
599 894 682 954 unde
703 892 822 952 domini
836 893 926 973 fnsts'
945 905 1029 968 sunt,
1051 893 1092 954 de
1115 913 1177 954 ne·
1375 863 1391 902 ἱ

116 999 266 1058 cessitate
285 995 448 1078 probandi
470 995 605 1055 dominii
622 993 762 1054 auctoris
788 994 998 1074 intelligenda
1012 1016 1080 1056 non
1095 1005 1179 1073 sunt,

113 1104 183 1160 imo
208 1099 250 1158 de
281 1097 465 1157 donationis
492 1095 704 1180 probatione,
747 1114 811 1177 que
838 1095 955 1156 fratres
991 1099 1181 1178 emancipati

116 1199 330 1280 praediorum
360 1197 538 1258 dominium
568 1206 700 1279 epatre
720 1195 870 1261 ffixerant
901 1219 972 1258 sese
1006 1199 1179 1282 accepisse.

52 1289 58 1302 ’
117 1299 273 1361 Probatio
299 1299 383 1360 enirn
407 1298 543 1362 dominii
568 1300 709 1360 auctoris
721 1318 826 1380 neque
840 1301 1019 1360 necessaria
1042 1311 1091 1360 est
1103 1320 1181 1381 spe·

120 1400 170 1461 cie
191 1403 374 1483 proposita,
395 1421 501 1483 neque
522 1401 683 1482 prodesse
707 1400 831 1480 aliquid
849 1409 977 1484 potest,
1004 1403 1094 1482 quis,
1124 1402 1182 1464 ubi

118 1513 263 1584 uterque·
273 1504 421 1584 litigator
434 1505 473 1567 ub
497 1503 614 1564 eodem
636 1512 768 1562 auctore
789 1523 860 1563 rem
884 1503 1027 1563 ostendit
1041 1523 1111 1564 sese
1125 1525 1181 1564 ac·

118 1604 308 1684 quisivisse,
328 1615 438 1666 utrum
456 1591 605 1666 dominus
621 1604 684 1680 ills,
700 1604 816 1680 suerit,
845 1625 885 1664 an
905 1625 974 1666 non
989 1605 1107 1682 suerit,
1128 1604 1185 1664 ui-

75 1699 77 1708 ⁴
117 1704 167 1766 hil
187 1706 342 1783 interest;
383 1705 470 1766 illud
489 1707 600 1788 potius
621 1706 743 1783 refert,
785 1706 838 1766 cui
861 1706 969 1786 priori
996 1727 1050 1767 res
1079 1709 1118 1767 ab
1142 1727 1182 1767 eo

118 1807 226 1896 inerit
248 1807 386 1890 tradita,
430 1808 525 1868 sicuti
558 1828 600 1868 ex
627 1811 668 1869 L.
694 1813 745 1873 15.
776 1809 810 1871 0.
836 1807 874 1868 ds
894 1811 943 1868 rei
960 1809 1183 1906 vindicatione.

117 1905 173 1975 Ill.
198 1915 250 1972 32.
273 1910 446 1992 perspicue
468 1917 566 1990 patet.
923 1915 926 1922 '

623 2144 632 2163 .
674 2098 706 2164 9.

205 2219 307 2290 Psulo
327 2228 421 2300 post,
443 2237 550 2302 ¹<luam
575 2098 637 2279 cit.
662 2217 818 2280 Trisson
841 2217 882 2281 de
905 2217 1042 2281 dominii
1060 2220 1188 2302 probra

121 2322 214 2384 tione
235 2322 450 2398 disseruerat,
471 2322 524 2382 Ill.
546 2317 867 2397 Unrrnaounsruos,
883 2319 1084 2384 -Antecessor
1101 2321 1186 2384 Vra·

120 2424 317 2488 tisleviensis
344 2425 587 2486 observationes
615 2424 705 2484 illius
728 2422 852 2504 judicio
883 2424 1039 2506 subjecit,
1082 2443 1188 2504 neque

125 2527 303 2604 dubitavit,
344 2546 382 2588 re
409 2529 515 2608 probe
543 2519 705 2608 perpensa
728 2525 895 2606 vulgarem
924 2527 1114 2588 seutentiam
1137 2527 1188 2588 his

125 2629 304 2690 defendere
326 2627 531 2709 argumentis.
595 2631 643 2688 Ac
661 2628 802 2709 primum
830 2627 960 2708 quidem
983 2639 1096 2689 contra
1119 2648 1189 2688 eum

126 2740 365 2808 argumentum,
410 2729 500 2809 quod
526 2733 580 2794 Ill.
597 2730 759 2792 'Tarnim
790 2727 1001 2792 exWICtorum
1031 2731 1072 2789 de
1090 2729 1190 2790 nimia

125 2830 346 2912 probationis
363 2829 499 2891 dominii
528 2821 714 2892 difficultate
749 2823 879 2890 sileritio
909 2831 1103 2911 repetierat,
1146 2831 1192 2890 itu

125 2933 272 2995 refutare
294 2929 419 2991 studuit
440 2932 485 2993 Gi.
503 2929 821 3005 Unrruuorsruuus,
850 2939 888 2990 ut
908 2929 1049 3008 diceret,
1066 2931 1122 2990 ‘de
1143 2930 1191 2992 si·

126 3033 230 3096 lentio
251 3035 315 3094 isto
338 3031 451 3094 mirari
471 3053 571 3115 posse
599 3031 778 3108 nerninem,
820 3030 876 3114 qui
903 3032 1039 3094 dominii
1066 3034 1193 3114 proba-

125 3137 249 3198 tionem
269 3137 370 3215 longe
396 3135 628 3214 difficiliorem,
671 3153 766 3218 quam
786 3153 903 3195 revera
926 3135 986 3212 sit,
1024 3158 1043 3196 a
1060 3138 1194 3200 nostre·

125 3240 213 3302 tibus
236 3239 297 3300 sibi
319 3237 399 3318 fingi
419 3238 622 3320 cognoverit.
657 3235 837 3324 ,Praeterea
857 3238 931 3319 jure
961 3240 1093 3320 antiquo
1114 3241 1196 3299 bre·

127 3325 297 3404 vissimum
324 3341 532 3423 usucapionis
558 3349 685 3421 tempus
709 3321 939 3422 probationem
974 3341 1111 3403 dominii
1134 3359 1195 3398 au-

81 3509 89 3526 ,
132 3443 231 3503 cteris
263 3439 534 3522 supervacaneam
565 3443 700 3505 videtur
725 3441 930 3517 reddidisse,
972 3443 1109 3522 quisse
1134 3460 1195 3523 per

132 3561 251 3603 annum
273 3543 331 3602 vel
349 3543 515 3604 biennium
536 3564 608 3605 rem
636 3541 823 3623 possedisse
851 3541 977 3624 petitor
1006 3541 1102 3604 facile
1129 3564 1196 3625 po-

131 3645 196 3706 tuit
216 3651 408 3704 monstrare.
451 3646 496 3704 Ac
518 3645 547 3704 si
568 3641 697 3724 quaudo
717 3641 924 3722 usucapionis
947 3651 1096 3726 tempore
1110 3664 1196 3704 non-

133 3747 210 3810 dum
236 3745 416 3828 praeterito
449 3747 602 3828 probatio
632 3745 694 3806 ista
730 3767 749 3805 a
776 3744 919 3827 petitore
948 3756 1060 3806 exacta
1085 3744 1197 3821 suerit,

131 3871 201 3912 non
223 3849 348 3912 dubitat
372 3849 427 3910 nl.
448 3847 768 3926 Urrrsnouzsrnus,
808 3849 886 3930 quin
913 3847 1068 3910 facillima
1096 3844 1199 3909 suerit

134 3971 205 4012 eam
230 3950 422 4032 perficiendi
443 3952 502 4010 illa
525 3951 626 4028 ratio,
666 3961 705 4010 ut
731 3949 857 4032 petitor
884 3968 955 4010 rem
976 3949 1043 4031 jam
1073 3948 1113 4009 ab
1136 3965 1197 4006 eu-

135 4063 228 4114 ctore
246 4053 347 4113 fuisse
366 4061 553 4134 usucaptam
575 4052 774 4114 ostenderet.
818 4050 877 4110 eui
905 4049 1115 4112 nihilosecius
1136 4045 1199 4106 ista

135 4155 287 4237 probatio
320 4153 407 4236 justo
436 4154 600 4215 difficilior
628 4154 737 4218 videri
765 4153 887 4234 possit,
930 4151 1083 4234 quoniam
1111 4166 1199 4207 oom-

52 4263 56 4274 ‘
137 4257 257 4319 mersio
281 4266 375 4320 sueto
403 4267 435 4318 et
455 4277 566 4320 rerum
596 4255 741 4322 dominio
771 4275 832 4339 per
857 4241 1085 4319 brevissimum
1113 4261 1199 4313 tem-
