2928 5068
309 311 383 388 152

769 509 804 598 s.
843 507 899 576 20.

392 611 497 680 Etiam
514 611 590 700 jure
607 614 771 678 saxonico
793 631 981 698 possessor,
1010 635 1030 682 a
1050 631 1120 697 quo
1145 607 1318 695 possideat
1338 617 1362 670 et

312 723 376 802 'qua
398 716 440 782 de
461 735 556 780 causa
576 713 758 800 possideat,
787 714 896 780 dicere
919 734 988 780 nou
1009 717 1157 798 cogitur.
1204 711 1363 778 Nihilom-

312 822 381 882 cius
406 815 645 899 quodammodo
669 817 699 880 ei
720 816 892 880 necessitas
921 814 1103 898 imponitur
1128 837 1273 898 ⁸carneam
1292 833 1365 896 pos-

313 916 468 982 eeasiouia
490 916 619 982 dicendi
640 937 677 980 ac
695 916 867 1002 probandi.
905 915 1027 990 -Quum
1050 919 1141 983 enim
1165 915 1367 982 metuendum

314 1023 372 1100 ait,
414 1038 458 1082 ue
480 1038 533 1082 rea
556 1021 695 1102 probato
726 1040 745 1081 a
769 1017 911 1103 petitore
934 1017 1080 1086 dominio
1102 1019 1175 1104 ipsi
1199 1005 1367 1088 evincatur,

314 1123 356 1186 ad
378 1120 560 1210 periculum
581 1119 750 1183 evictionis
772 1121 807 1182 in
829 1126 996 1183 auctorem
1020 1119 1295 1185 transferendum
1322 1115 1368 1176 di·

225 1267 235 1278 ·
314 1243 407 1302 care,
429 1243 500 1306 ,quo
524 1223 620 1284 titulo
643 1231 675 1284 et
700 1242 765 1306 quo
790 1229 924 1284 auctore
944 1221 1129 1306 possideat,
1161 1218 1300 1283 ommno
1321 1213 1370 1276 de-

257 1359 260 1371 ·
314 1325 379 1388 bet.
439 1323 612 1386 Praeterea
637 1321 765 1386 auctori
796 1323 887 1385 litem
909 1323 1098 1392 denunciari
1118 1329 1265 1406 oportet
1283 1316 1369 1396 idque

315 1424 506 1492 adversario
529 1424 624 1486 etiam
642 1423 851 1490 manifestari.
904 1425 1144 1504 Quamobrem,
1174 1431 1217 1484 ut
1239 1420 1277 1483 in
1297 1426 1370 1479 tem-

237 1593 243 1611 ,
314 1549 398 1612 pore
421 1528 479 1590 fiat
501 1519 569 1588 litis
594 1525 817 1604 denunciatio,
860 1529 947 1614 Lege
967 1528 1157 1592 Iudiciaria
1188 1545 1285 1588 nova·
1315 1520 1369 1581 Tit·

316 1633 415 1698 XIV.
436 1630 461 1714 t.
485 1636 515 1692 1.
538 1626 748 1690 coustitutum
770 1637 836 1708 est,
878 1639 917 1702 ut
937 1628 1141 1692 eito·aaitem
1166 1627 1287 1691 diebus
1309 1628 1370 1682 aute

315 1733 457 1816 primum
482 1729 654 1792 terminum
673 1729 715 1790 de
743 1729 888 1810 actione,
925 1749 968 1794 ex
991 1723 1204 1815 que'evictio
1229 1722 1372 1798 imminet,

316 1842 433 1895 auctor
453 1831 577 1895 certior
603 1829 771 1893 reddatur.
815 1833 919 1907 Quam
939 1833 1007 1896 litia
1037 1830 1328 1896 denunciationem
1349 1820 1371 1882 si

317 1943 467 2016 tempore
500 1931 677 1994 constituto
703 1951 879 2012 possessor
904 1954 975 1996 nou
1002 1935 1100 2016 iecit,
1147 1953 1192 2002 ea
1215 1921 1371 1992 mcdiaiu

315 2035 376 2096 lite
402 2036 538 2097 utinen
560 2041 686 2114 potest,
725 2054 831 2116 neque
856 2034 899 2098 ad
928 2035 1123 2100 evictionem
1153 2023 1370 2119 praestandam

316 2133 476 2198 adversus
504 2141 670 2196 auctorem
696 2135 797 2198 ullam
830 2137 928 2202 habet
955 2137 1133 2201 actionem.
1207 2128 1304 2194 Unde
1327 2120 1371 2185 'sui

315 2236 416 2319 ipsius
445 2255 541 2298 causa
566 2254 743 2316 possessor
772 2237 904 2302 titolum
939 2238 1160 2321 possessionis
1201 2233 1312 2298 dicere
1345 2231 1370 2284 ct

317 2338 444 2398 auctori
464 2337 557 2398 litem
580 2335 777 2400 denunciare
798 2341 935 2422 cogitur.
976 2337 1124 2430 Utrpque
1149 2336 1241 2402 euim
1263 2329 1370 2394 omisso

317 2436 347 2498 ei
369 2445 477 2518 ageret
499 2435 656 2500 adversus
691 2447 858 2504 auctorem
889 2441 931 2505 ad
965 2439 1163 2506 evictionem
1195 2434 1261 2501 sibi
1285 2447 1370 2515 pret*

317 2537 479 2616 utendam,
500 2536 554 2598 hio
574 2558 643 2600 non
669 2539 791 2623 injuria
809 2542 986 2628 objiceret,
1005 2544 1033 2606 ai
1053 2559 1234 2627 possessor
1255 2530 1370 2597 titulun

316 2640 535 2724 possessionis
558 2637 715 2702 edixisset
736 2639 890 2726 litemque
919 2645 1161 2721 denunciaeaet,
1207 2640 1270 2704 vix
1291 2635 1370 2698 sutu-

317 2763 393 2806 rum
414 2741 533 2818 fuisse,
551 2749 588 2802 ut
612 2761 665 2804 ree
686 2743 751 2826 ipsi
767 2744 982 2812 evinceretur.
1023 2745 1094 2810 Etsi
1113 2748 1184 2808 Lea
1200 2735 1370 2806 Iudiciaria

319 2863 414 2906 aava.
444 2844 509 2908 Tit.
532 2845 631 2907 XIV.
662 2841 686 2928 ᾧ.
715 2853 746 2910 2.
774 2848 976 2930 possessori,
1019 2848 1074 2914 eui
1099 2868 1154 2912 res
1186 2845 1298 2908 evicta
1322 2840 1370 2910 est„

319 2950 481 3009 actionem
501 2947 657 3009 adversus
680 2956 848 3013 auctorem
873 2950 970 3014 adid
992 2950 1081 3034 quod
1099 2948 1244 3014 interest
1265 2953 1368 3006 conse·
1428 2988 1429 2991 ,

320 3046 485 3130 quendum
507 3058 576 3110 tum
596 3059 764 3131 reservat,
808 3069 908 3130 quum
936 3049 1145 3136 exceptiones
1178 3051 1219 3116 ab
1237 3047 1369 3120 ‚canore

319 3147 729 3238 proferendae‘adversns
757 3154 935 3234 petitorem
961 3156 1045 3218 nihii
1075 3153 1274 3235 profuturae
1298 3139 1369 3207 fffl't·
1401 3177 1404 3186 ·

321 3254 411 3325 sent,
452 3256 561 3308 tamen
592 3257 712 3310 auctor
742 3250 771 3314 si
793 3273 863 3315 nou
881 3256 948 3316 litis
980 3255 1233 3318 denunciatione
1257 3244 1370 3312 emirati

321 3357 359 3442 at.
376 3360 466 3413 certe
488 3345 620 3410 silentio
642 3352 844 3430 possessoris
865 3355 906 3418 de
935 3356 1031 3420 titulo
1054 3353 1276 3440 possessionis
1296 3336 1369 3409 tueri
1428 3354 1429 3397 t

321 3467 393 3512 aesc
415 3450 550 3534 poterit.
609 3445 672 3511 Fac
694 3475 746 3516 ma
774 3453 962 3522 Publiciana
992 3460 1120 3523 actione
1154 3445 1325 3520 conveniri
1343 3445 1369 3500 θῑ

319 3555 497 3632 petitorem
518 3553 662 3634 probare
683 3553 807 3636 justum
829 3559 973 3628 titulum.
1031 3559 1098 3642 Ego
1121 3577 1204 3622 vero
1222 3562 1273 3642 [ne
1298 3550 1366 3612 titu-

320 3649 391 3714 lum
413 3654 560 3735 quidem,
584 3673 626 3718 ex
645 3674 710 3736 quo
729 3656 908 3739 possideo,
930 3661 1019 3723 edixi
1039 3661 1181 3742 ideoque
1201 3656 1316 3723 morito
1335 3638 1369 3705 ad

324 3769 395 3814 rem
415 3755 648 3819 restituendam
671 3777 691 3816 a
711 3755 824 3844 judice
847 3762 1058 3826 condemner.
1123 3761 1220 3825 Nunc
1251 3759 1288 3820 ab
1317 3763 1393 3810 flu.-

323 3857 418 3914 ctore
438 3873 512 3916 meo
540 3857 711 3921 evictionis
733 3862 985 3942 praestationem
1003 3867 1149 3946 postulo.
1193 3863 1310 3928 Nonne
1322 3846 1366 3912 115⁰

322 3947 397 4050 iure
424 3953 569 4037 objicere
593 3959 734 4040 poterit,
776 3981 830 4024 me
853 3961 949 4026 titulo
971 3963 1186 4047 possessionis
1215 3962 1316 4032 edicto
1335 3966 1365 4010 ’ὓ

324 4053 465 4152 probato
484 4056 656 4122 victoriam
668 4061 770 4125 fuisse
783 4071 1044 4148 reportaturum,
1070 4070 1147 4150 ‚quia
1166 4064 1239 4131 fieri
1250 4048 1365 4150 potatu

325 4162 394 4234 ὅθί,
415 4161 453 4221 ui
465 4178 484 4222 a
495 4155 639 4244 petitore
652 4156 769 4230 meiius
782 4163 835 4250 jus
849 4164 885 4230 in
897 4185 935 4234 re
954 4189 1022 4234 noa
1035 4169 1254 4255 probaretur?
