2928 5068
332 397 425 488 ⁴148
546 391 550 398 ’

349 604 503 670 dubitatio
527 598 615 664 nulia
645 607 709 682 est,‘
730 608 854 664 ‘nmen
883 597 923 662 de
951 597 1019 663 loco
1047 598 1106 681 ipsi
1127 599 1212 660 inter
1230 593 1373 660 creditores

347 708 525 792 assiguando
546 705 710 787 disceptari
737 703 838 767 adhuc
865 713 976 786 potest.
1041 701 1192 785 Equidem
1217 701 1265 764 ilii
1291 720 1376 762 curun

346 813 514 878 creditores
535 809 574 870 ad
590 809 778 872 evictionem
799 808 1010 895 praestandam
1026 807 1125 870 teneri
1135 853 1146 888 ‚
1168 807 1294 888 ideoque
1311 806 1377 864 inter

347 939 399 979 eos
422 913 619 980 referendum
639 911 731 974 ilium
752 914 904 992 arbitror,
943 912 1057 994 quibus
1085 922 1157 974 ente
1186 929 1287 972 omnes
1305 909 1376 968 satis-

346 1019 521 1084 iaciendum
557 1026 622 1102 est,
666 1018 739 1099 qnia
764 1037 872 1080 omnes
907 1016 1075 1104 'creditores
1107 1017 1183 1098 ipsis
1221 1013 1379 1092 obligantur.

346 1121 656 1213 (Massegiciubiger.)
701 1121 798 1205 Cujus
826 1119 874 1184 rei
902 1121 995 1183 rutio'
1009 1119 1085 1182 baec
1106 1129 1162 1182 est.
1187 1163 1188 1168 η
1206 1115 1239 1178 Si
1258 1135 1327 1178 vers
1344 1121 1380 1174 est

346 1226 488 1308 obligatio
500 1226 704 1314 -flcreditorum
739 1225 789 1287 ad·
803 1225 989 1288 evictionem
1024 1223 1256 1305 praestandam,
1292 1225 1379 1292 emtor,

348 1329 533 1395 evictionem
553 1348 716 1413 perpessus
736 1338 783 1392 est
799 1328 934 1390 creditor
950 1327 1163 1410 creditorum,
1184 1327 1310 1404 ideoque
1326 1320 1379 1401 cogi

346 1455 412 1497 non
433 1442 552 1516 potest,
591 1442 628 1494 ut
647 1435 730 1496 inter
750 1433 819 1494 ilios
839 1449 954 1493 nomen
982 1453 1072 1492 suum
1094 1453 1132 1494 eo
1153 1429 1281 1492 consilio
1297 1423 1378 1507 proii-

345 1548 462 1614 teatur‚
491 1545 528 1598 nt
548 1537 608 1620 ipsi
629 1539 720 1599 simul
741 1557 812 1598 cnm
833 1535 962 1616 reliquie
977 1536 1090 1597 ordine
1112 1541 1260 1596 consueto
1280 1551 1317 1591 ex
1334 1530 1379 1589 bc-

321 1681 333 1704 .
345 1644 396 1704 nis
418 1642 565 1704 debitoris
586 1641 720 1708 satisfiat.
764 1639 801 1701 Ei
816 1639 905 1702 enim
923 1659 987 1700 non
1008 1639 1146 1722 debitor,
1163 1637 1217 1701 sed
1233 1633 1380 1696 creditores

346 1745 493 1808 debitoris
523 1746 693 1818 communis
707 1752 877 1808 ¹tenentur.
941 1741 1075 1804 Eandem
1104 1742 1285 1804 sententiam
1316 1733 1379 1798 ierit

348 1847 734 1929 Auditoriumhincipis,
778 1868 875 1930 quum
897 1842 1007 1910 emtori
1027 1845 1118 1908 fundi
1139 1847 1197 1908 sub
1219 1843 1301 1906 basta
1318 1859 1379 1901 ven·

345 1951 420 2032 diti,
457 1949 513 2032 qui
533 1948 607 2035 iis‚'
630 1953 685 2032 qui
706 1953 868 2034 pecuniam
889 1952 1113 2034 deposuerant,
1150 1971 1218 2013 eam
1240 1946 1378 2010 restituere

345 2055 494 2118 debuerat
522 2075 649 2138 eamque
678 2055 717 2136 ob
753 2075 875 2117 cansam
902 2077 920 2117 a
949 2055 1152 2118 creditoribus
1184 2054 1269 2138 ejus,
1309 2047 1378 2128 cujus

342 2159 477 2221 fundum
499 2168 641 2240 emerat&
652 2160 814 2222 evictionis
835 2160 1071 2244 praestationem
1093 2159 1276 2240 postulabat,
1296 2153 1378 2215 locun

343 2263 428 2325 inter
449 2285 500 2326 eos
521 2265 697 2346 assignaret,
720 2265 833 2346 quibus
855 2265 956 2345 primo
971 2265 1040 2324 dcco
1055 2237 1298 2324 satisfaciendum
1311 2262 1377 2328 esset.

345 2365 380 2426 td
399 2367 482 2446 quod
503 2376 632 2428 testatur
648 2368 819 2431 -Rmnnnun
840 2372 864 2435 l.
883 2370 906 2434 l.
951 2369 1055 2449 ltaque
1075 2365 1155 2428 nihil
1176 2367 1311 2444 interest,
1332 2375 1377 2440 qno

342 2477 482 2550 ternpore
504 2469 559 2530 fiat
579 2471 693 2532 evictio
715 2481 747 2533 et
767 2480 868 2553 emtor
896 2492 963 2533 eam
991 2473 1049 2533 sibi
1076 2470 1228 2551 praestari
1242 2454 1375 2550 ¹postulet.

342 2571 451 2654 Neque
471 2570 599 2637 adeam
621 2573 747 2635 extendi
767 2583 869 2656 potest
884 2575 1071 2657 praeclusio,
1095 2589 1173 2654 qnae
1195 2563 1374 2635 sententiain

343 2687 537 2740 contumaces
554 2678 731 2740 etnomina
747 2679 835 2760 linter
855 2680 1022 2748 creditores
1041 2699 1107 2740 nun
1126 2677 1305 2758 profitentes
1321 2685 1376 2752 prs

342 2780 488 2842 nunciata
509 2791 574 2863 est,
619 2783 693 2862 quia
714 2781 812 2866 hujus
824 2783 882 2845 -vis
903 2783 942 2844 ad
962 2781 1129 2859 creditores
1150 2779 1294 2844 debitoris
1313 2791 1376 2834 ccm-

342 2883 446 2954 mnnis
470 2885 696 2968 restringenda,
722 2905 826 2970 neque
840 2888 886 2950 «ud
907 2906 958 2950 eos
979 2883 1181 2976 extendenda¹
1195 2893 1261 2973 est,
1286 2877 1376 2965 quibui

328 2985 508 3053 terediteres
536 2989 599 3072 ipsi
628 2999 792 3069 tenesne„

797 3246 835 3334 fn
879 3245 934 3316 se.

425 3394 590 3462 Personam
614 3398 785 3471 aduersarii
805 3403 832 3466 si
852 3409 1041 3486 spectemnsj
1079 3410 1190 3464 contra
1219 3413 1306 3486 quem
1331 3385 1373 3448 ¹1⁰·
1424 3447 1425 3450 ,

330 3499 469 3574 ‚minium
488 3504 614 3583 probari
634 3507 669 3568 in
687 3506 821 3570 Saxonis
841 3515 981 3590 oportet,
998 3504 1103 3570 eadem
1121 3506 1163 3570 de
1184 3527 1221 3573 ee
1241 3489 1373 3564 monenda

335 3613 424 3685 sunt,
447 3626 525 3686 qnae
545 3607 627 3673 Sect.
647 3608 681 3672 I.·
694 3611 767 3693 Cap.
782 3611 831 3673 lii.
852 3609 948 3694 hujus
969 3610 1067 3674 libelii
1085 3610 1192 3673 eadem
1212 3611 1251 3672 da
1271 3623 1304 3667 re
1321 3599 1371 3681 jtffl
1424 3615 1425 3648 t

335 3706 480 3772 diximus.
523 3709 600 3772 Nem
624 3713 716 3775 etiarn
735 3715 809 3796 iure
830 3715 983 3777 Saxonico
1003 3715 1241 3776 necessariaest
1261 3707 1297 3772 ad
1315 3716 1372 3784 par·
1424 3727 1425 3740 ¹

334 3815 380 3870 tes
400 3811 447 3870 rei
467 3811 646 3876 obtinendas
666 3819 814 3897 possessio
844 3838 916 3896 cum
944 3819 1047 3886 mimo
1075 3839 1142 3881 rem
1170 3817 1228 3880 sibi
1254 3796 1369 3897 habendi

332 3913 506 3994 conjuncta.
548 3907 713 3990 ostentm
734 3921 825 4000 dicit,
863 3942 896 3982 se
915 3922 974 3983 sibi
994 3942 1061 3985 rem
1081 3921 1194 3984 babere
1214 3917 1314 3991 nolle,
1339 3922 1368 3962 0⁰
1424 3943 1425 3990 n

331 4015 481 4098 significat
496 4019 707 4103 voluntatem,
750 4026 971 4106 possessionem
1000 4027 1038 4088 ad
1063 4026 1227 4107 petitorem
1249 4010 1341 4084 transf
1352 4041 1367 4058 ·
1424 4047 1425 4106 t

330 4119 437 4199 rendi,
470 4139 571 4201 neque
594 4123 631 4186 de
653 4127 721 4208 ejus
740 4129 812 4211 jure
829 4129 961 4192 dubitat.
998 4130 1093 4218 ‘Unde
1115 4130 1206 4206 etiam
1227 4124 1292 4207 cogi
1312 4128 1365 4178 ”⁰¹¹
1424 4127 1425 4196 i

222 4293 224 4300 ,
328 4229 444 4304 potest,
483 4233 523 4290 nt
547 4245 619 4300 eum
645 4233 778 4312 petitore
802 4233 893 4314 *litem
928 4235 967 4298 de
1002 4234 1193 4317 proprietate
1220 4220 1364 4305 „suscipiet
