2960 5064
1135 431 1185 510 35

125 619 225 682 tionis
246 617 345 702 modo
370 615 474 700 legari
496 623 658 700 poterant.
706 619 808 700 Atque
829 639 883 683 res
906 643 968 705 per
987 626 1185 700 vindicatio.

124 741 201 784 nem
222 722 330 804 legata
352 742 372 782 e
394 719 553 801 dominio,
572 717 663 801 quod
683 720 792 782 fuerat
811 727 994 802 testatoris,
1015 731 1087 813 ipso
1109 735 1185 817 jum

125 824 282 886 transibat
303 823 339 886 in
361 817 510 906 legatarii
529 831 743 906 potestatem,
772 825 871 886 modo
894 828 933 890 ab
955 827 1080 896 herede
1098 839 1184 905 adita

126 936 211 990 esset
229 925 414 1005 hereditas,
443 925 487 986 ita
505 933 543 985 ut
569 921 726 1006 legatario
758 947 825 989 eam
847 927 905 990 vel
924 931 965 992 ab
984 931 1107 1000 herede
1127 949 1185 1010 vel

123 1048 142 1087 a
166 1027 285 1111 quovis
307 1027 372 1090 alio
393 1045 587 1110 possessore
612 1037 727 1108 petere
748 1040 844 1111 atque
866 1029 1037 1097 intendere
1058 1039 1183 1129 liceret,

122 1150 194 1191 rem
216 1151 307 1192 suam
329 1149 398 1191 esse
425 1151 467 1193 ex
488 1126 563 1212 jure
585 1127 773 1204 Quiritium
816 1128 886 1194 Jam
901 1152 983 1196 vero
998 1148 1072 1203 ante
1087 1164 1184 1230 ,quam

118 1231 408 1320 senatusconsulto
446 1229 659 1314 Neroniano,
708 1253 921 1319 quaecunque
959 1238 1066 1305 minus
1101 1252 1185 1332 aptir

121 1333 228 1414 legata
253 1344 360 1399 essent
380 1338 508 1415 verbis,
549 1333 658 1419 legato
690 1337 817 1420 optimo
847 1337 923 1424 jura
949 1339 1020 1403 sive
1047 1345 1182 1414 damna.

122 1434 221 1495 tionis
247 1447 425 1521 exaequata
445 1448 536 1516 sunt,
568 1455 639 1500 ιιοιι
662 1439 796 1534 valebat
815 1437 959 1522 legatum
982 1443 1182 1535 vindicatio-

118 1535 186 1614 nis,
206 1537 271 1600 nisi
289 1561 344 1602 res
368 1541 535 1606 testatoris
557 1557 600 1602 ex
620 1529 696 1626 jure
718 1539 896 1618 Quiritium
918 1543 1042 1610 fuisset.
1077 1550 1183 1625 Quam

109 1640 254 1702 obrem
278 1664 297 1704 a
322 1644 484 1726 legatario·
502 1664 573 1708 rem
596 1641 784 1706 vindicante
804 1664 873 1708 non
899 1643 1007 1709 minus
1030 1647 1182 1737 legatum,
1250 1699 1253 1703 -

117 1760 213 1821 quem
233 1746 401 1808 testatoris
423 1746 604 1832 dominium
625 1743 765 1807 debebat
785 1747 931 1830 probari.
966 1749 1055 1816 lllud
1073 1764 1181 1822 tamen

116 1849 242 1906 tantum
262 1848 369 1928 abest,
412 1859 451 1912 ut
473 1858 543 1912 tum
564 1855 689 1912 tantum
714 1855 891 1930 statuatur,
934 1873 1033 1936 quum
1053 1855 1093 1918 ab
1116 1877 1180 1920 ex-

117 1951 231 2036 traneo
255 1947 306 2011 rei
330 1951 457 2034 legatae
476 1969 670 2036 possessore
695 1968 767 2013 rem
787 1949 920 2033 petierit
938 1955 1119 2039 legatarius,
1140 1971 1180 2025 ut

117 2053 187 2107 tum
208 2048 317 2126 etiam,
336 2073 435 2134 quum
460 2055 499 2115 ab
513 2052 637 2116 herede
653 2070 723 2112 eam
738 2051 976 2136 vindicaverit,
997 2056 1179 2128 dominium

114 2151 282 2212 testatoris
302 2155 511 2242 probandum
531 2156 571 2214 ab
601 2171 641 2214 eo
672 2150 773 2213 luisse
803 2152 966 2218 videatrir.
1008 2157 1179 2226 Adversus
1293 2209 1298 2228 .

115 2279 206 2332 eum,
227 2255 284 2338 qui
300 2266 435 2338 praeter
454 2254 610 2319 heredem
634 2273 705 2317 rem
722 2253 904 2335 detinebat,
923 2253 989 2319 hoe
1001 2257 1079 2322 ideo
1093 2283 1181 2348 pro.

111 2357 255 2422 bandum
278 2370 347 2422 erat
378 2359 554 2442 legatario,
596 2367 636 2420 ut
664 2356 871 2438 exceptioni,
914 2376 978 2440 qua
1002 2380 1180 2444 possessor
1239 2355 1244 2368 ’

112 2461 289 2545 objiceret,
326 2483 412 2541 rem,
446 2461 538 2548 eujus
562 2458 743 2524 dominium
768 2481 838 2524 non
857 2457 1009 2526 habuerit
1029 2473 1179 2549 testator,

110 2566 151 2626 ab
167 2585 206 2625 eo
222 2565 257 2626 in
276 2567 417 2628 alterum
438 2585 507 2626 non
529 2564 679 2647 potuisse
697 2562 887 2642 transferri,
906 2575 1033 2628 mature
1056 2589 1177 2633 occur-

110 2675 210 2727 reret.
251 2667 410 2752 Alioquin
430 2689 501 2729 non
521 2666 661 2748 probata
690 2665 856 2728 testatoris
877 2668 1084 2752 proprietate
1104 2691 1178 2748 mes

110 2765 269 2828 tuendum
294 2780 380 2848 erat,
423 2789 466 2831 ne
494 2769 619 2853 justum
648 2768 781 2829 titulum
800 2767 862 2831 vix
889 2770 1065 2852 probasset
1083 2772 1176 2858 lega.

109 2868 223 2932 tarius.
285 2868 328 2931 At
361 2881 478 2932 contra
502 2869 659 2931 heredem
689 2887 760 2930 rem
786 2865 927 2952 legatam
949 2869 1177 2956 possidentem
1283 2911 1285 2916 ·

108 2969 197 3032 idem
219 2979 249 3031 a*
257 2971 415 3054 legatario
440 2968 572 3033 ostendi
594 2969 734 3047 debere,
763 2991 863 3053 quum
884 2988 928 3032 ex
951 2969 1003 3033 rei
1024 2972 1177 3036 vindica.

107 3072 208 3134 tionis
226 3072 441 3137 fundamento
463 3070 686 3154 intelligaturs
728 3077 798 3134 tum
827 3089 910 3135 vero
934 3073 1032 3135 etiam
1055 3074 1175 3140 simili·

20 3193 23 3202 ·
105 3177 188 3240 tudo
209 3176 347 3240 aliarum
367 3174 601 3260 probationum
621 3173 734 3254 docet,
758 3193 840 3259 quse
860 3193 990 3258 semper
1008 3174 1175 3258 legatariis

104 3279 233 3366 injungi
253 3286 505 3342 consueverunt.
550 3274 620 3340 Jam
634 3278 784 3362 aequitas·
797 3275 931 3358 suadet,
952 3288 990 3342 ut
1011 3277 1172 3360 legatario

106 3383 224 3463 magis,
261 3380 470 3443 commodum
491 3381 614 3464 qnippe
639 3399 682 3443 ex
701 3379 884 3444 hereditate
906 3382 1081 3463 percipere
1105 3401 1172 3444 vo·

105 3483 209 3560 lenti,
230 3504 325 3565 quam
342 3482 476 3560 heredi,
503 3483 560 3564 qui
579 3483 682 3543 multa
705 3482 892 3564 saepissime
911 3490 1044 3564 praeter
1066 3497 1172 3563 expe-

107 3583 283 3646 ctationem
305 3600 482 3664 agnoscere
509 3582 638 3662 cogitur
667 3603 784 3660 onera,
826 3583 980 3668 probatio
1010 3580 1172 3666 ejusmodi

103 3688 303 3767 imponatur.
344 3682 499 3765 Legatum
522 3683 608 3745 enim
629 3705 698 3747 non
720 3686 816 3750 aliter
834 3686 906 3771 peti
922 3705 1039 3770 posse,
1075 3703 1172 3767 qaam

104 3789 134 3850 'si
155 3786 302 3851 validum
326 3785 386 3864 sit,
420 3785 517 3848 facile
540 3785 677 3870 quisque
706 3789 803 3852 nobis
828 3788 1045 3867 concesserit3
1081 3787 1170 3850 unde

104 3889 268 3973 sequitur,
310 3889 412 3973 legati
440 3891 509 3952 vim
538 3901 576 3950 aa
606 3889 794 3953 firmitatem
828 3910 850 3954 a
875 3890 1033 3973 legatario
1062 3890 1168 3952 multo

103 3991 222 4074 magis,
265 4013 360 4074 quam
382 3995 421 4056 ab
442 3993 567 4057 herede
590 3993 708 4056 vitium
732 3994 803 4077 ejus
831 4013 868 4054 ac
893 3991 1098 4068 nullitatem,
1131 3999 1170 4052 ut

104 4095 150 4156 ita
174 4094 294 4172 dicam,
337 4113 406 4156 esse
427 4096 641 4178 probandam.
682 4095 792 4170 Quum
822 4111 899 4179 ergo
921 4095 1065 4178 legatum
1089 4093 1169 4155 vin-

107 4195 277 4258 dicationis
301 4217 372 4259 non
391 4199 519 4281 valeat,
563 4197 591 4260 si
610 4217 665 4260 res
693 4195 860 4260 testatoris
884 4215 926 4258 ex
951 4196 1025 4282 jure
1051 4194 1168 4268 Qniri-

105 4297 187 4361 tium
207 4319 276 4362 non
296 4299 358 4376 sit,
398 4297 441 4364 ad
460 4297 634 4388 legatum
622 4319 729 4385 ipsam
758 4295 1021 4363 conservandum
1041 4292 1168 4380 legata

916 4394 969 4464 3*
