<?xml version="1.0" encoding="UTF-8"?>
<!DOCTYPE html PUBLIC "-//W3C//DTD XHTML 1.0 Transitional//EN"
    "http://www.w3.org/TR/xhtml1/DTD/xhtml1-transitional.dtd">
<html xmlns="http://www.w3.org/1999/xhtml" xml:lang="en" lang="en">
 <head>
  <title>
</title>
<meta http-equiv="Content-Type" content="text/html;charset=utf-8" />
  <meta name='ocr-system' content='tesseract 3.04.00' />
  <meta name='ocr-capabilities' content='ocr_page ocr_carea ocr_par ocr_line ocrx_word'/>
</head>
<body>
  <div class='ocr_page' id='page_1' title='image "./dedominiiprobat00heimgoog_0062.png"; bbox 0 0 2960 5064; ppageno 0'>
   <div class='ocr_carea' id='block_1_1' title="bbox 1041 401 1176 518">
    <p class='ocr_par' dir='ltr' id='par_1_1' title="bbox 1041 401 1176 518">
     <span class='ocr_line' id='line_1_1' title="bbox 1041 401 1176 518; baseline -0.022 -35"><span class='ocrx_word' id='word_1_1' title='bbox 1041 503 1047 518; x_wconf 23' lang='grc' dir='ltr'><strong><em>ο</em></strong></span> <span class='ocrx_word' id='word_1_2' title='bbox 1123 401 1176 481; x_wconf 79' lang='grc'><strong>45</strong></span> 
     </span>
    </p>
   </div>
   <div class='ocr_carea' id='block_1_2' title="bbox 23 591 1201 4070">
    <p class='ocr_par' dir='ltr' id='par_1_2' title="bbox 23 591 1201 4070">
     <span class='ocr_line' id='line_1_2' title="bbox 112 591 1178 693; baseline 0.004 -26"><span class='ocrx_word' id='word_1_3' title='bbox 112 623 260 676; x_wconf 69' lang='lat' dir='ltr'><strong>sessore:</strong></span> <span class='ocrx_word' id='word_1_4' title='bbox 271 599 424 676; x_wconf 78' lang='lat' dir='ltr'><strong>vindicat.</strong></span> <span class='ocrx_word' id='word_1_5' title='bbox 446 591 458 622; x_wconf 57' lang='lat'><strong>&#39;³</strong></span> <span class='ocrx_word' id='word_1_6' title='bbox 469 599 661 686; x_wconf 77' lang='lat' dir='ltr'>Respondet.</span> <span class='ocrx_word' id='word_1_7' title='bbox 673 598 875 692; x_wconf 74' lang='lat' dir='ltr'><strong>Imperator„</strong></span> <span class='ocrx_word' id='word_1_8' title='bbox 889 607 971 669; x_wconf 83' lang='lat' dir='ltr'><strong>serr&#39;i</strong></span> <span class='ocrx_word' id='word_1_9' title='bbox 984 597 1178 693; x_wconf 71' lang='lat' dir='ltr'><strong>posseriu-</strong></span> 
     </span>
     <span class='ocr_line' id='line_1_3' title="bbox 112 705 1179 788; baseline 0.005 -20"><span class='ocrx_word' id='word_1_10' title='bbox 112 707 332 788; x_wconf 81' lang='lat' dir='ltr'><strong>dicationem,</strong></span> <span class='ocrx_word' id='word_1_11' title='bbox 365 709 394 770; x_wconf 78' lang='grc' dir='ltr'><strong>εἰ</strong></span> <span class='ocrx_word' id='word_1_12' title='bbox 422 707 554 770; x_wconf 88' lang='lat' dir='ltr'><strong>debitor</strong></span> <span class='ocrx_word' id='word_1_13' title='bbox 573 705 723 768; x_wconf 84' lang='lat' dir='ltr'><strong>dominus</strong></span> <span class='ocrx_word' id='word_1_14' title='bbox 744 708 794 768; x_wconf 91' lang='lat' dir='ltr'><strong>rei</strong></span> <span class='ocrx_word' id='word_1_15' title='bbox 816 707 917 773; x_wconf 84' lang='lat' dir='ltr'><strong>fuerit</strong></span> <span class='ocrx_word' id='word_1_16' title='bbox 943 719 976 772; x_wconf 88' lang='lat' dir='ltr'><strong>et</strong></span> <span class='ocrx_word' id='word_1_17' title='bbox 999 709 1179 772; x_wconf 86' lang='lat' dir='ltr'><strong>dominium</strong></span> 
     </span>
     <span class='ocr_line' id='line_1_4' title="bbox 110 789 1178 896; baseline -0.001 -23"><span class='ocrx_word' id='word_1_18' title='bbox 110 812 151 873; x_wconf 88' lang='lat' dir='ltr'><strong>in</strong></span> <span class='ocrx_word' id='word_1_19' title='bbox 171 810 313 874; x_wconf 89' lang='lat' dir='ltr'><strong>alterum</strong></span> <span class='ocrx_word' id='word_1_20' title='bbox 341 811 489 874; x_wconf 85' lang='lat' dir='ltr'><strong>voluerit</strong></span> <span class='ocrx_word' id='word_1_21' title='bbox 510 797 706 892; x_wconf 83' lang='lat' dir='ltr'><strong>transferre.</strong></span> <span class='ocrx_word' id='word_1_22' title='bbox 766 807 881 894; x_wconf 82' lang='lat' dir='ltr'><strong>Neque</strong></span> <span class='ocrx_word' id='word_1_23' title='bbox 907 819 973 874; x_wconf 86' lang='lat' dir='ltr'><strong>tam</strong></span> <span class='ocrx_word' id='word_1_24' title='bbox 1006 789 1178 896; x_wconf 71' lang='lat' dir='ltr'><strong>perspicue</strong></span> 
     </span>
     <span class='ocr_line' id='line_1_5' title="bbox 112 909 1181 1000; baseline -0.003 -23"><span class='ocrx_word' id='word_1_25' title='bbox 112 911 330 993; x_wconf 82' lang='lat' dir='ltr'><strong>significasset</strong></span> <span class='ocrx_word' id='word_1_26' title='bbox 358 913 557 1000; x_wconf 76' lang='lat' dir='ltr'><strong>Imperator,</strong></span> <span class='ocrx_word' id='word_1_27' title='bbox 601 909 786 973; x_wconf 75' lang='lat' dir='ltr'><strong>debitorem</strong></span> <span class='ocrx_word' id='word_1_28' title='bbox 818 930 889 974; x_wconf 87' lang='lat' dir='ltr'><strong>esse</strong></span> <span class='ocrx_word' id='word_1_29' title='bbox 921 913 1042 977; x_wconf 85' lang='lat' dir='ltr'><strong>debere</strong></span> <span class='ocrx_word' id='word_1_30' title='bbox 1058 913 1181 974; x_wconf 67' lang='lat' dir='ltr'><strong>⁴&#39;domi-</strong></span> 
     </span>
     <span class='ocr_line' id='line_1_6' title="bbox 110 1011 1177 1098; baseline -0.002 -19"><span class='ocrx_word' id='word_1_31' title='bbox 110 1029 212 1090; x_wconf 83' lang='lat' dir='ltr'><strong>num&#39;,</strong></span> <span class='ocrx_word' id='word_1_32' title='bbox 233 1023 273 1077; x_wconf 88' lang='lat' dir='ltr'><strong>ut</strong></span> <span class='ocrx_word' id='word_1_33' title='bbox 294 1015 365 1098; x_wconf 84' lang='lat' dir='ltr'><strong>ejus</strong></span> <span class='ocrx_word' id='word_1_34' title='bbox 385 1032 554 1076; x_wconf 85' lang='lat' dir='ltr'><strong>successor</strong></span> <span class='ocrx_word' id='word_1_35' title='bbox 575 1011 742 1077; x_wconf 80' lang='lat' dir='ltr'><strong>vindicare</strong></span> <span class='ocrx_word' id='word_1_36' title='bbox 763 1011 882 1094; x_wconf 85' lang='lat' dir='ltr'><strong>possit,</strong></span> <span class='ocrx_word' id='word_1_37' title='bbox 905 1017 933 1078; x_wconf 89' lang='lat' dir='ltr'><strong>si</strong></span> <span class='ocrx_word' id='word_1_38' title='bbox 946 1015 988 1078; x_wconf 89' lang='lat' dir='ltr'><strong>de</strong></span> <span class='ocrx_word' id='word_1_39' title='bbox 1002 1015 1177 1098; x_wconf 87' lang='lat' dir='ltr'><strong>probando</strong></span> 
     </span>
     <span class='ocr_line' id='line_1_7' title="bbox 110 1111 1179 1200; baseline -0.002 -18"><span class='ocrx_word' id='word_1_40' title='bbox 110 1117 260 1182; x_wconf 84' lang='lat' dir='ltr'><strong>auctoris</strong></span> <span class='ocrx_word' id='word_1_41' title='bbox 278 1115 431 1180; x_wconf 81' lang='lat' dir='ltr'><strong>dominio</strong></span> <span class='ocrx_word' id='word_1_42' title='bbox 453 1135 522 1178; x_wconf 89' lang='lat' dir='ltr'><strong>non</strong></span> <span class='ocrx_word' id='word_1_43' title='bbox 546 1114 729 1198; x_wconf 79' lang='lat' dir='ltr'><strong>cogitasset.</strong></span> <span class='ocrx_word' id='word_1_44' title='bbox 772 1111 841 1178; x_wconf 85' lang='lat' dir='ltr'><strong>Jam</strong></span> <span class='ocrx_word' id='word_1_45' title='bbox 863 1118 1179 1200; x_wconf 49' lang='lat' dir='ltr'><strong>ver01vide,quam</strong></span> 
     </span>
     <span class='ocr_line' id='line_1_8' title="bbox 113 1213 1184 1304; baseline -0.006 -22"><span class='ocrx_word' id='word_1_46' title='bbox 113 1221 200 1282; x_wconf 84' lang='lat' dir='ltr'><strong>dura</strong></span> <span class='ocrx_word' id='word_1_47' title='bbox 219 1219 265 1292; x_wconf 87' lang='lat' dir='ltr'><strong>sit</strong></span> <span class='ocrx_word' id='word_1_48' title='bbox 285 1237 324 1280; x_wconf 88' lang='lat' dir='ltr'><strong>ao</strong></span> <span class='ocrx_word' id='word_1_49' title='bbox 342 1217 482 1280; x_wconf 88' lang='lat' dir='ltr'><strong>molesta</strong></span> <span class='ocrx_word' id='word_1_50' title='bbox 503 1216 686 1300; x_wconf 73' lang='lat' dir='ltr'><strong>creditoris,</strong></span> <span class='ocrx_word' id='word_1_51' title='bbox 709 1215 766 1300; x_wconf 90' lang='lat' dir='ltr'><strong>qui</strong></span> <span class='ocrx_word' id='word_1_52' title='bbox 784 1213 901 1297; x_wconf 82' lang='lat' dir='ltr'><strong>pignus</strong></span> <span class='ocrx_word' id='word_1_53' title='bbox 915 1219 1075 1304; x_wconf 76' lang='lat' dir='ltr'><strong>possidet,</strong></span> <span class='ocrx_word' id='word_1_54' title='bbox 1094 1241 1184 1292; x_wconf 83' lang='lat' dir='ltr'><strong>con.</strong></span> 
     </span>
     <span class='ocr_line' id='line_1_9' title="bbox 117 1318 1182 1416; baseline -0.002 -32"><span class='ocrx_word' id='word_1_55' title='bbox 117 1322 219 1416; x_wconf 86' lang='lat' dir='ltr'><strong>ditio,</strong></span> <span class='ocrx_word' id='word_1_56' title='bbox 249 1321 382 1402; x_wconf 88' lang='lat' dir='ltr'><strong>si‚·qui</strong></span> <span class='ocrx_word' id='word_1_57' title='bbox 404 1341 425 1392; x_wconf 82' lang='lat' dir='ltr'><strong>a</strong></span> <span class='ocrx_word' id='word_1_58' title='bbox 445 1318 595 1392; x_wconf 87' lang='lat' dir='ltr'><strong>debitore</strong></span> <span class='ocrx_word' id='word_1_59' title='bbox 620 1319 801 1392; x_wconf 86' lang='lat' dir='ltr'><strong>dominium</strong></span> <span class='ocrx_word' id='word_1_60' title='bbox 824 1319 953 1384; x_wconf 83' lang='lat' dir='ltr'><strong>derivat</strong></span> <span class='ocrx_word' id='word_1_61' title='bbox 972 1343 1085 1405; x_wconf 83' lang='lat' dir='ltr'><strong>suum,</strong></span> <span class='ocrx_word' id='word_1_62' title='bbox 1109 1342 1182 1384; x_wconf 84' lang='lat' dir='ltr'><strong>eam</strong></span> 
     </span>
     <span class='ocr_line' id='line_1_10' title="bbox 116 1421 1183 1514; baseline -0.003 -22"><span class='ocrx_word' id='word_1_63' title='bbox 116 1447 188 1492; x_wconf 85' lang='lat' dir='ltr'><strong>rem</strong></span> <span class='ocrx_word' id='word_1_64' title='bbox 211 1422 420 1509; x_wconf 80' lang='lat' dir='ltr'><strong>acreditore</strong></span> <span class='ocrx_word' id='word_1_65' title='bbox 438 1421 602 1514; x_wconf 67' lang='lat' dir='ltr'><strong>vindicet,</strong></span> <span class='ocrx_word' id='word_1_66' title='bbox 645 1432 678 1484; x_wconf 87' lang='lat' dir='ltr'><strong>et</strong></span> <span class='ocrx_word' id='word_1_67' title='bbox 705 1423 746 1486; x_wconf 87' lang='lat' dir='ltr'><strong>ab</strong></span> <span class='ocrx_word' id='word_1_68' title='bbox 776 1439 816 1482; x_wconf 87' lang='lat' dir='ltr'><strong>eo</strong></span> <span class='ocrx_word' id='word_1_69' title='bbox 847 1421 1034 1488; x_wconf 86' lang='lat' dir='ltr'><strong>dominium.</strong></span> <span class='ocrx_word' id='word_1_70' title='bbox 1054 1445 1099 1490; x_wconf 78' lang='lat' dir='ltr'><strong>er</strong></span> <span class='ocrx_word' id='word_1_71' title='bbox 1126 1425 1183 1489; x_wconf 81' lang='lat' dir='ltr'><strong>Iu.</strong></span> 
     </span>
     <span class='ocr_line' id='line_1_11' title="bbox 113 1523 1180 1610; baseline -0.004 -18"><span class='ocrx_word' id='word_1_72' title='bbox 113 1523 282 1592; x_wconf 75' lang='lat' dir='ltr'><strong>Tumor</strong></span> <span class='ocrx_word' id='word_1_73' title='bbox 302 1524 463 1590; x_wconf 85' lang='lat' dir='ltr'><strong>sententia</strong></span> <span class='ocrx_word' id='word_1_74' title='bbox 495 1524 749 1594; x_wconf 79' lang='lat' dir='ltr'><strong>demonstretur.</strong></span> <span class='ocrx_word' id='word_1_75' title='bbox 811 1525 860 1588; x_wconf 78' lang='lat' dir='ltr'><strong>sic</strong></span> <span class='ocrx_word' id='word_1_76' title='bbox 886 1527 1013 1610; x_wconf 89' lang='lat' dir='ltr'><strong>petitor</strong></span> <span class='ocrx_word' id='word_1_77' title='bbox 1038 1527 1180 1610; x_wconf 81' lang='lat' dir='ltr'><strong>quidem,</strong></span> 
     </span>
     <span class='ocr_line' id='line_1_12' title="bbox 114 1622 1181 1718; baseline -0.007 -24"><span class='ocrx_word' id='word_1_78' title='bbox 114 1635 174 1718; x_wconf 88' lang='lat' dir='ltr'><strong>qui</strong></span> <span class='ocrx_word' id='word_1_79' title='bbox 195 1654 214 1694; x_wconf 89' lang='lat' dir='ltr'><strong>a</strong></span> <span class='ocrx_word' id='word_1_80' title='bbox 235 1628 385 1705; x_wconf 86' lang='lat' dir='ltr'><strong>debitore</strong></span> <span class='ocrx_word' id='word_1_81' title='bbox 405 1627 577 1716; x_wconf 87' lang='lat' dir='ltr'><strong>acquisivit</strong></span> <span class='ocrx_word' id='word_1_82' title='bbox 598 1626 794 1708; x_wconf 86' lang='lat' dir='ltr'><strong>dominium,</strong></span> <span class='ocrx_word' id='word_1_83' title='bbox 832 1626 967 1692; x_wconf 85' lang='lat' dir='ltr'><strong>modum</strong></span> <span class='ocrx_word' id='word_1_84' title='bbox 990 1622 1181 1712; x_wconf 76' lang='lat' dir='ltr'><strong>acquirendi</strong></span> 
     </span>
     <span class='ocr_line' id='line_1_13' title="bbox 105 1712 1181 1820; baseline -0.008 -21"><span class='ocrx_word' id='word_1_85' title='bbox 105 1733 271 1820; x_wconf 30' lang='lat' dir='ltr'><strong>,probabit</strong></span> <span class='ocrx_word' id='word_1_86' title='bbox 295 1739 328 1792; x_wconf 88' lang='lat' dir='ltr'><strong>et</strong></span> <span class='ocrx_word' id='word_1_87' title='bbox 346 1747 409 1812; x_wconf 88' lang='lat' dir='ltr'><strong>pro</strong></span> <span class='ocrx_word' id='word_1_88' title='bbox 436 1715 570 1790; x_wconf 89' lang='lat' dir='ltr'><strong>domino</strong></span> <span class='ocrx_word' id='word_1_89' title='bbox 593 1728 785 1818; x_wconf 81' lang='lat' dir='ltr'><strong>habebitur,</strong></span> <span class='ocrx_word' id='word_1_90' title='bbox 810 1715 886 1812; x_wconf 88' lang='lat' dir='ltr'><strong>quia</strong></span> <span class='ocrx_word' id='word_1_91' title='bbox 906 1734 1049 1793; x_wconf 87' lang='lat' dir='ltr'><strong>auctoris</strong></span> <span class='ocrx_word' id='word_1_92' title='bbox 1071 1712 1181 1791; x_wconf 86' lang='lat' dir='ltr'><strong>domi-</strong></span> 
     </span>
     <span class='ocr_line' id='line_1_14' title="bbox 113 1817 1182 1918; baseline -0.009 -19"><span class='ocrx_word' id='word_1_93' title='bbox 113 1817 209 1900; x_wconf 82' lang='lat' dir='ltr'><strong>nium</strong></span> <span class='ocrx_word' id='word_1_94' title='bbox 230 1829 458 1918; x_wconf 81' lang='lat' dir='ltr'><strong>praesumitur.</strong></span> <span class='ocrx_word' id='word_1_95' title='bbox 519 1827 616 1890; x_wconf 90' lang='lat' dir='ltr'><strong>Nunc</strong></span> <span class='ocrx_word' id='word_1_96' title='bbox 639 1830 802 1914; x_wconf 82' lang='lat' dir='ltr'><strong>creditor,</strong></span> <span class='ocrx_word' id='word_1_97' title='bbox 846 1831 902 1918; x_wconf 85' lang='lat' dir='ltr'><strong>qui</strong></span> <span class='ocrx_word' id='word_1_98' title='bbox 930 1853 1000 1896; x_wconf 91' lang='lat' dir='ltr'><strong>rem</strong></span> <span class='ocrx_word' id='word_1_99' title='bbox 1022 1821 1182 1915; x_wconf 73' lang='lat' dir='ltr'><strong>possidet,</strong></span> 
     </span>
     <span class='ocr_line' id='line_1_15' title="bbox 117 1916 1180 2018; baseline -0.011 -14"><span class='ocrx_word' id='word_1_100' title='bbox 117 1944 148 2004; x_wconf 88' lang='lat' dir='ltr'><strong>si</strong></span> <span class='ocrx_word' id='word_1_101' title='bbox 172 1919 352 2001; x_wconf 80' lang='lat' dir='ltr'><strong>dominium</strong></span> <span class='ocrx_word' id='word_1_102' title='bbox 374 1953 445 1994; x_wconf 90' lang='lat' dir='ltr'><strong>non</strong></span> <span class='ocrx_word' id='word_1_103' title='bbox 465 1941 655 2013; x_wconf 87' lang='lat' dir='ltr'><strong>agnosceret</strong></span> <span class='ocrx_word' id='word_1_104' title='bbox 676 1932 847 2018; x_wconf 88' lang='lat' dir='ltr'><strong>petitoris,</strong></span> <span class='ocrx_word' id='word_1_105' title='bbox 867 1916 1011 2018; x_wconf 81' lang='lat' dir='ltr'><strong>probare</strong></span> <span class='ocrx_word' id='word_1_106' title='bbox 1033 1931 1180 2011; x_wconf 81' lang='lat' dir='ltr'><strong>deberet,</strong></span> 
     </span>
     <span class='ocr_line' id='line_1_16' title="bbox 118 2027 1183 2120; baseline -0.013 -12"><span class='ocrx_word' id='word_1_107' title='bbox 118 2027 303 2118; x_wconf 74' lang='lat' dir='ltr'><strong>debitorem</strong></span> <span class='ocrx_word' id='word_1_108' title='bbox 329 2057 399 2099; x_wconf 90' lang='lat' dir='ltr'><strong>non</strong></span> <span class='ocrx_word' id='word_1_109' title='bbox 420 2029 527 2097; x_wconf 81' lang='lat' dir='ltr'><strong>&#39;fuisse</strong></span> <span class='ocrx_word' id='word_1_110' title='bbox 554 2033 731 2096; x_wconf 87' lang='lat' dir='ltr'><strong>dominum.</strong></span> <span class='ocrx_word' id='word_1_111' title='bbox 776 2036 842 2113; x_wconf 74' lang='lat' dir='ltr'><strong>Sed</strong></span> <span class='ocrx_word' id='word_1_112' title='bbox 872 2036 1035 2120; x_wconf 88' lang='lat' dir='ltr'><strong>ejusmodi</strong></span> <span class='ocrx_word' id='word_1_113' title='bbox 1052 2037 1183 2119; x_wconf 88' lang='lat' dir='ltr'><strong>proba-</strong></span> 
     </span>
     <span class='ocr_line' id='line_1_17' title="bbox 115 2125 1181 2225; baseline -0.014 -14"><span class='ocrx_word' id='word_1_114' title='bbox 115 2155 210 2211; x_wconf 87' lang='lat' dir='ltr'><strong>tione</strong></span> <span class='ocrx_word' id='word_1_115' title='bbox 229 2136 377 2225; x_wconf 85' lang='lat' dir='ltr'><strong>pignoris</strong></span> <span class='ocrx_word' id='word_1_116' title='bbox 389 2129 461 2201; x_wconf 80' lang='lat' dir='ltr'><strong>&#39;sibi</strong></span> <span class='ocrx_word' id='word_1_117' title='bbox 482 2136 651 2218; x_wconf 87' lang='lat' dir='ltr'><strong>constituti</strong></span> <span class='ocrx_word' id='word_1_118' title='bbox 671 2125 798 2200; x_wconf 80' lang='lat' dir='ltr'><strong>rimae</strong></span> <span class='ocrx_word' id='word_1_119' title='bbox 817 2127 1013 2222; x_wconf 76' lang='lat' dir='ltr'><strong>potestatem</strong></span> <span class='ocrx_word' id='word_1_120' title='bbox 1029 2138 1100 2220; x_wconf 88' lang='lat' dir='ltr'><strong>ipse</strong></span> <span class='ocrx_word' id='word_1_121' title='bbox 1115 2135 1181 2197; x_wconf 89' lang='lat' dir='ltr'><strong>im-</strong></span> 
     </span>
     <span class='ocr_line' id='line_1_18' title="bbox 112 2221 1182 2336; baseline -0.012 -25.084"><span class='ocrx_word' id='word_1_122' title='bbox 112 2224 287 2336; x_wconf 74' lang='lat' dir='ltr'><strong>pugnaret.</strong></span> <span class='ocrx_word' id='word_1_123' title='bbox 332 2229 467 2303; x_wconf 87' lang='lat' dir='ltr'><strong>Constat</strong></span> <span class='ocrx_word' id='word_1_124' title='bbox 486 2238 592 2318; x_wconf 87' lang='lat' dir='ltr'><strong>enim,</strong></span> <span class='ocrx_word' id='word_1_125' title='bbox 631 2234 807 2321; x_wconf 82' lang='lat' dir='ltr'><strong>creditori,</strong></span> <span class='ocrx_word' id='word_1_126' title='bbox 852 2239 909 2324; x_wconf 89' lang='lat' dir='ltr'><strong>qui</strong></span> <span class='ocrx_word' id='word_1_127' title='bbox 928 2221 999 2304; x_wconf 85' lang='lat' dir='ltr'><strong>rem</strong></span> <span class='ocrx_word' id='word_1_128' title='bbox 1021 2233 1182 2303; x_wconf 83' lang='lat' dir='ltr'><strong>debitoris</strong></span> 
     </span>
     <span class='ocr_line' id='line_1_19' title="bbox 114 2341 1183 2434; baseline -0.013 -21"><span class='ocrx_word' id='word_1_129' title='bbox 114 2375 187 2416; x_wconf 87' lang='lat' dir='ltr'><strong>non</strong></span> <span class='ocrx_word' id='word_1_130' title='bbox 210 2347 381 2434; x_wconf 83' lang='lat' dir='ltr'><strong>propriam</strong></span> <span class='ocrx_word' id='word_1_131' title='bbox 398 2342 531 2426; x_wconf 84' lang='lat' dir='ltr'><strong>pignori</strong></span> <span class='ocrx_word' id='word_1_132' title='bbox 551 2341 729 2424; x_wconf 87' lang='lat' dir='ltr'><strong>acceperit,</strong></span> <span class='ocrx_word' id='word_1_133' title='bbox 751 2344 911 2424; x_wconf 86' lang='lat' dir='ltr'><strong>maxime,</strong></span> <span class='ocrx_word' id='word_1_134' title='bbox 939 2345 968 2407; x_wconf 90' lang='lat' dir='ltr'><strong>si</strong></span> <span class='ocrx_word' id='word_1_135' title='bbox 989 2363 1059 2405; x_wconf 90' lang='lat' dir='ltr'><strong>non</strong></span> <span class='ocrx_word' id='word_1_136' title='bbox 1083 2341 1183 2421; x_wconf 50' lang='lat' dir='ltr'><strong>igno*-</strong></span> 
     </span>
     <span class='ocr_line' id='line_1_20' title="bbox 115 2441 1184 2530; baseline -0.017 -11"><span class='ocrx_word' id='word_1_137' title='bbox 115 2445 245 2520; x_wconf 78' lang='lat' dir='ltr'><strong>raverit</strong></span> <span class='ocrx_word' id='word_1_138' title='bbox 269 2469 337 2511; x_wconf 87' lang='lat' dir='ltr'><strong>esse</strong></span> <span class='ocrx_word' id='word_1_139' title='bbox 357 2447 513 2523; x_wconf 79' lang='lat' dir='ltr'><strong>alienam,</strong></span> <span class='ocrx_word' id='word_1_140' title='bbox 555 2465 598 2506; x_wconf 89' lang='lat' dir='ltr'><strong>ne</strong></span> <span class='ocrx_word' id='word_1_141' title='bbox 627 2455 697 2506; x_wconf 87' lang='lat' dir='ltr'><strong>tum</strong></span> <span class='ocrx_word' id='word_1_142' title='bbox 726 2447 875 2530; x_wconf 88' lang='lat' dir='ltr'><strong>quidem,</strong></span> <span class='ocrx_word' id='word_1_143' title='bbox 917 2455 1022 2530; x_wconf 88' lang='lat' dir='ltr'><strong>quum</strong></span> <span class='ocrx_word' id='word_1_144' title='bbox 1051 2441 1184 2504; x_wconf 87' lang='lat' dir='ltr'><strong>debitor</strong></span> 
     </span>
     <span class='ocr_line' id='line_1_21' title="bbox 23 2530 1201 2646; baseline -0.012 -29"><span class='ocrx_word' id='word_1_145' title='bbox 23 2614 28 2627; x_wconf 89' lang='grc'><em>,</em></span> <span class='ocrx_word' id='word_1_146' title='bbox 114 2564 234 2642; x_wconf 87' lang='lat' dir='ltr'><strong>postea</strong></span> <span class='ocrx_word' id='word_1_147' title='bbox 252 2549 433 2646; x_wconf 81' lang='lat' dir='ltr'><strong>dominium</strong></span> <span class='ocrx_word' id='word_1_148' title='bbox 455 2547 678 2632; x_wconf 85' lang='lat' dir='ltr'><strong>acquisiverit,</strong></span> <span class='ocrx_word' id='word_1_149' title='bbox 722 2551 885 2612; x_wconf 86' lang='lat' dir='ltr'><strong>actionem</strong></span> <span class='ocrx_word' id='word_1_150' title='bbox 912 2530 1051 2612; x_wconf 87' lang='lat' dir='ltr'><strong>concedi</strong></span> <span class='ocrx_word' id='word_1_151' title='bbox 1069 2545 1201 2627; x_wconf 81' lang='lat' dir='ltr'><strong>hypo--</strong></span> 
     </span>
     <span class='ocr_line' id='line_1_22' title="bbox 116 2649 1184 2740; baseline -0.015 -21"><span class='ocrx_word' id='word_1_152' title='bbox 116 2655 311 2740; x_wconf 83' lang='lat' dir='ltr'><strong>thecariam,</strong></span> <span class='ocrx_word' id='word_1_153' title='bbox 352 2651 412 2713; x_wconf 88' lang='lat' dir='ltr'><strong>sed</strong></span> <span class='ocrx_word' id='word_1_154' title='bbox 440 2650 490 2711; x_wconf 90' lang='lat' dir='ltr'><strong>nil</strong></span> <span class='ocrx_word' id='word_1_155' title='bbox 522 2649 587 2713; x_wconf 85' lang='lat' dir='ltr'><strong>nisi</strong></span> <span class='ocrx_word' id='word_1_156' title='bbox 613 2651 857 2732; x_wconf 86' lang='lat' dir='ltr'><strong>exceptionem.</strong></span> <span class='ocrx_word' id='word_1_157' title='bbox 880 2651 953 2715; x_wconf 91' lang='lat' dir='ltr'><strong>doli</strong></span> <span class='ocrx_word' id='word_1_158' title='bbox 981 2649 1078 2730; x_wconf 87' lang='lat' dir='ltr'><strong>mali,</strong></span> <span class='ocrx_word' id='word_1_159' title='bbox 1119 2664 1184 2726; x_wconf 82' lang='lat' dir='ltr'><strong>qua</strong></span> 
     </span>
     <span class='ocr_line' id='line_1_23' title="bbox 30 2741 1183 2844; baseline -0.014 -20"><span class='ocrx_word' id='word_1_160' title='bbox 30 2817 33 2824; x_wconf 87' lang='lat'><strong>.</strong></span> <span class='ocrx_word' id='word_1_161' title='bbox 110 2741 360 2844; x_wconf 35' lang='lat' dir='ltr'><strong>,possessionem</strong></span> <span class='ocrx_word' id='word_1_162' title='bbox 382 2751 433 2815; x_wconf 87' lang='lat' dir='ltr'><strong>rei</strong></span> <span class='ocrx_word' id='word_1_163' title='bbox 451 2752 585 2836; x_wconf 88' lang='lat' dir='ltr'><strong>pignori</strong></span> <span class='ocrx_word' id='word_1_164' title='bbox 615 2752 708 2814; x_wconf 82' lang='lat' dir='ltr'><strong>datae</strong></span> <span class='ocrx_word' id='word_1_165' title='bbox 736 2749 1026 2837; x_wconf 85' lang='lat' dir='ltr'><strong>retinere-possit.</strong></span> <span class='ocrx_word' id='word_1_166' title='bbox 1089 2749 1129 2814; x_wconf 79' lang='lat' dir='ltr'><strong>L.</strong></span> <span class='ocrx_word' id='word_1_167' title='bbox 1154 2747 1183 2809; x_wconf 79' lang='lat'><strong>1&#39;.</strong></span> 
     </span>
     <span class='ocr_line' id='line_1_24' title="bbox 118 2849 1185 2942; baseline -0.009 -21"><span class='ocrx_word' id='word_1_168' title='bbox 118 2868 168 2928; x_wconf 83' lang='lat' dir='ltr'><strong>D.</strong></span> <span class='ocrx_word' id='word_1_169' title='bbox 188 2859 226 2920; x_wconf 82' lang='lat' dir='ltr'><strong>de</strong></span> <span class='ocrx_word' id='word_1_170' title='bbox 241 2857 430 2942; x_wconf 79' lang='lat' dir='ltr'><strong>pignoribus</strong></span> <span class='ocrx_word' id='word_1_171' title='bbox 451 2869 482 2917; x_wconf 85' lang='lat' dir='ltr'><strong>et</strong></span> <span class='ocrx_word' id='word_1_172' title='bbox 501 2855 691 2938; x_wconf 70' lang='lat' dir='ltr'><strong>hypothecis.</strong></span> <span class='ocrx_word' id='word_1_173' title='bbox 713 2854 785 2917; x_wconf 80' lang='lat' dir='ltr'><strong>XX.¹</strong></span> <span class='ocrx_word' id='word_1_174' title='bbox 813 2861 842 2916; x_wconf 89' lang='lat'><strong>1.</strong></span> <span class='ocrx_word' id='word_1_175' title='bbox 883 2852 927 2915; x_wconf 83' lang='lat' dir='ltr'><strong>At</strong></span> <span class='ocrx_word' id='word_1_176' title='bbox 942 2871 1025 2913; x_wconf 86' lang='lat' dir='ltr'><strong>vero</strong></span> <span class='ocrx_word' id='word_1_177' title='bbox 1042 2849 1082 2913; x_wconf 77' lang='lat' dir='ltr'><strong>ea</strong></span> <span class='ocrx_word' id='word_1_178' title='bbox 1097 2861 1185 2935; x_wconf 82' lang='lat' dir='ltr'><strong>pro-</strong></span> 
     </span>
     <span class='ocr_line' id='line_1_25' title="bbox 117 2950 1184 3040; baseline -0.02 -9"><span class='ocrx_word' id='word_1_179' title='bbox 117 2963 257 3035; x_wconf 77' lang='lat' dir='ltr'><strong>batione¹</strong></span> <span class='ocrx_word' id='word_1_180' title='bbox 275 2950 408 3022; x_wconf 88' lang='lat' dir='ltr'><strong>onerari</strong></span> <span class='ocrx_word' id='word_1_181' title='bbox 427 2957 645 3036; x_wconf 85' lang='lat' dir='ltr'><strong>creditorem,</strong></span> <span class='ocrx_word' id='word_1_182' title='bbox 677 2979 776 3040; x_wconf 89' lang='lat' dir='ltr'><strong>quum</strong></span> <span class='ocrx_word' id='word_1_183' title='bbox 802 2954 869 3040; x_wconf 84' lang='lat' dir='ltr'><strong>jam</strong></span> <span class='ocrx_word' id='word_1_184' title='bbox 888 2953 1012 3036; x_wconf 86' lang='lat' dir='ltr'><strong>regulis</strong></span> <span class='ocrx_word' id='word_1_185' title='bbox 1035 2951 1076 3014; x_wconf 91' lang='lat' dir='ltr'><strong>de</strong></span> <span class='ocrx_word' id='word_1_186' title='bbox 1098 2971 1184 3033; x_wconf 90' lang='lat' dir='ltr'><strong>pro-</strong></span> 
     </span>
     <span class='ocr_line' id='line_1_26' title="bbox 114 3052 1186 3142; baseline -0.02 -9"><span class='ocrx_word' id='word_1_187' title='bbox 114 3069 252 3134; x_wconf 89' lang='lat' dir='ltr'><strong>batione</strong></span> <span class='ocrx_word' id='word_1_188' title='bbox 273 3062 458 3126; x_wconf 86' lang='lat' dir='ltr'><strong>constitutis</strong></span> <span class='ocrx_word' id='word_1_189' title='bbox 480 3061 690 3142; x_wconf 87' lang='lat' dir='ltr'><strong>adversetur,</strong></span> <span class='ocrx_word' id='word_1_190' title='bbox 732 3071 803 3123; x_wconf 90' lang='lat' dir='ltr'><strong>tum</strong></span> <span class='ocrx_word' id='word_1_191' title='bbox 831 3075 914 3120; x_wconf 76' lang='lat' dir='ltr'><strong>vero</strong></span> <span class='ocrx_word' id='word_1_192' title='bbox 945 3055 1041 3116; x_wconf 83' lang='lat' dir='ltr'><strong>etiam</strong></span> <span class='ocrx_word' id='word_1_193' title='bbox 1070 3052 1186 3136; x_wconf 85' lang='lat' dir='ltr'><strong>aequi-</strong></span> 
     </span>
     <span class='ocr_line' id='line_1_27' title="bbox 114 3156 1185 3248; baseline -0.02 -12"><span class='ocrx_word' id='word_1_194' title='bbox 114 3173 179 3236; x_wconf 88' lang='lat' dir='ltr'><strong>tati</strong></span> <span class='ocrx_word' id='word_1_195' title='bbox 196 3168 330 3232; x_wconf 83' lang='lat' dir='ltr'><strong>videtur</strong></span> <span class='ocrx_word' id='word_1_196' title='bbox 351 3185 552 3248; x_wconf 80' lang='lat' dir='ltr'><strong>repugnare,</strong></span> <span class='ocrx_word' id='word_1_197' title='bbox 573 3184 656 3247; x_wconf 88' lang='lat' dir='ltr'><strong>quae</strong></span> <span class='ocrx_word' id='word_1_198' title='bbox 677 3185 746 3228; x_wconf 88' lang='lat' dir='ltr'><strong>non</strong></span> <span class='ocrx_word' id='word_1_199' title='bbox 766 3159 924 3236; x_wconf 82' lang='lat' dir='ltr'><strong>admittit,</strong></span> <span class='ocrx_word' id='word_1_200' title='bbox 943 3166 983 3219; x_wconf 89' lang='lat' dir='ltr'><strong>ut</strong></span> <span class='ocrx_word' id='word_1_201' title='bbox 998 3157 1071 3238; x_wconf 89' lang='lat' dir='ltr'><strong>quis</strong></span> <span class='ocrx_word' id='word_1_202' title='bbox 1091 3156 1185 3238; x_wconf 83' lang='lat' dir='ltr'><strong>ejus·</strong></span> 
     </span>
     <span class='ocr_line' id='line_1_28' title="bbox 116 3255 1186 3354; baseline -0.021 -16"><span class='ocrx_word' id='word_1_203' title='bbox 116 3271 213 3338; x_wconf 88' lang='lat' dir='ltr'><strong>modi</strong></span> <span class='ocrx_word' id='word_1_204' title='bbox 233 3269 461 3354; x_wconf 79' lang='lat' dir='ltr'><strong>probationem</strong></span> <span class='ocrx_word' id='word_1_205' title='bbox 477 3267 644 3352; x_wconf 85' lang='lat' dir='ltr'><strong>suspicere</strong></span> <span class='ocrx_word' id='word_1_206' title='bbox 668 3275 821 3350; x_wconf 85' lang='lat' dir='ltr'><strong>cogatur,</strong></span> <span class='ocrx_word' id='word_1_207' title='bbox 865 3283 930 3344; x_wconf 89' lang='lat' dir='ltr'><strong>qua</strong></span> <span class='ocrx_word' id='word_1_208' title='bbox 955 3259 1105 3342; x_wconf 82' lang='lat' dir='ltr'><strong>perfecta</strong></span> <span class='ocrx_word' id='word_1_209' title='bbox 1131 3255 1186 3318; x_wconf 86' lang='lat' dir='ltr'><strong>sui</strong></span> 
     </span>
     <span class='ocr_line' id='line_1_29' title="bbox 117 3357 1186 3460; baseline -0.021 -21"><span class='ocrx_word' id='word_1_210' title='bbox 117 3377 223 3460; x_wconf 88' lang='lat' dir='ltr'><strong>ipsius</strong></span> <span class='ocrx_word' id='word_1_211' title='bbox 243 3373 295 3456; x_wconf 85' lang='lat' dir='ltr'><strong>jus</strong></span> <span class='ocrx_word' id='word_1_212' title='bbox 316 3371 479 3434; x_wconf 77' lang='lat' dir='ltr'><strong>tracturus</strong></span> <span class='ocrx_word' id='word_1_213' title='bbox 507 3391 544 3430; x_wconf 90' lang='lat' dir='ltr'><strong>ac</strong></span> <span class='ocrx_word' id='word_1_214' title='bbox 573 3367 802 3433; x_wconf 85' lang='lat' dir='ltr'><strong>debilitaturus</strong></span> <span class='ocrx_word' id='word_1_215' title='bbox 831 3365 883 3428; x_wconf 85' lang='lat' dir='ltr'><strong>sit.</strong></span> <span class='ocrx_word' id='word_1_216' title='bbox 925 3361 993 3422; x_wconf 84' lang='lat' dir='ltr'><strong>Sed</strong></span> <span class='ocrx_word' id='word_1_217' title='bbox 1022 3357 1186 3420; x_wconf 87' lang='lat' dir='ltr'><strong>conceda-</strong></span> 
     </span>
     <span class='ocr_line' id='line_1_30' title="bbox 121 3470 1186 3558; baseline -0.025 -16"><span class='ocrx_word' id='word_1_218' title='bbox 121 3499 213 3556; x_wconf 86' lang='lat' dir='ltr'><strong>mus,</strong></span> <span class='ocrx_word' id='word_1_219' title='bbox 253 3475 452 3558; x_wconf 85' lang='lat' dir='ltr'><strong>creditorem</strong></span> <span class='ocrx_word' id='word_1_220' title='bbox 474 3473 654 3536; x_wconf 89' lang='lat' dir='ltr'><strong>dominium</strong></span> <span class='ocrx_word' id='word_1_221' title='bbox 673 3470 826 3554; x_wconf 87' lang='lat' dir='ltr'><strong>petitoris</strong></span> <span class='ocrx_word' id='word_1_222' title='bbox 856 3481 964 3544; x_wconf 83' lang='lat' dir='ltr'><strong>neque</strong></span> <span class='ocrx_word' id='word_1_223' title='bbox 994 3478 1065 3520; x_wconf 87' lang='lat' dir='ltr'><strong>esse</strong></span> <span class='ocrx_word' id='word_1_224' title='bbox 1083 3477 1186 3538; x_wconf 78' lang='lat' dir='ltr'><strong>nega-</strong></span> 
     </span>
     <span class='ocr_line' id='line_1_31' title="bbox 122 3566 1189 3661; baseline -0.022 -20"><span class='ocrx_word' id='word_1_225' title='bbox 122 3589 251 3658; x_wconf 85' lang='lat' dir='ltr'><strong>turum,</strong></span> <span class='ocrx_word' id='word_1_226' title='bbox 282 3597 388 3661; x_wconf 89' lang='lat' dir='ltr'><strong>neque</strong></span> <span class='ocrx_word' id='word_1_227' title='bbox 410 3596 480 3640; x_wconf 85' lang='lat' dir='ltr'><strong>eam</strong></span> <span class='ocrx_word' id='word_1_228' title='bbox 497 3573 729 3658; x_wconf 83' lang='lat' dir='ltr'><strong>probationem</strong></span> <span class='ocrx_word' id='word_1_229' title='bbox 745 3576 979 3658; x_wconf 17' lang='lat' dir='ltr'><strong>,suscepturum</strong></span> <span class='ocrx_word' id='word_1_230' title='bbox 999 3566 1189 3643; x_wconf 79' lang='lat' dir='ltr'><strong>propterea,</strong></span> 
     </span>
     <span class='ocr_line' id='line_1_32' title="bbox 120 3660 1189 3766; baseline -0.022 -24"><span class='ocrx_word' id='word_1_231' title='bbox 120 3681 275 3766; x_wconf 86' lang='lat' dir='ltr'><strong>quoniam</strong></span> <span class='ocrx_word' id='word_1_232' title='bbox 292 3680 479 3748; x_wconf 87' lang='lat' dir='ltr'><strong>retentione</strong></span> <span class='ocrx_word' id='word_1_233' title='bbox 500 3676 648 3760; x_wconf 84' lang='lat' dir='ltr'><strong>pignoris</strong></span> <span class='ocrx_word' id='word_1_234' title='bbox 675 3691 826 3736; x_wconf 86' lang='lat' dir='ltr'><strong>securum</strong></span> <span class='ocrx_word' id='word_1_235' title='bbox 850 3689 886 3732; x_wconf 89' lang='lat' dir='ltr'><strong>se</strong></span> <span class='ocrx_word' id='word_1_236' title='bbox 914 3681 987 3726; x_wconf 90' lang='lat' dir='ltr'><strong>ease</strong></span> <span class='ocrx_word' id='word_1_237' title='bbox 1011 3660 1189 3742; x_wconf 77' lang='lat' dir='ltr'><strong>existimet,</strong></span> 
     </span>
     <span class='ocr_line' id='line_1_33' title="bbox 119 3761 1187 3869; baseline -0.024 -23"><span class='ocrx_word' id='word_1_238' title='bbox 119 3784 202 3869; x_wconf 73' lang='lat' dir='ltr'><strong>quia</strong></span> <span class='ocrx_word' id='word_1_239' title='bbox 222 3767 330 3846; x_wconf 68' lang='lat' dir='ltr'><strong>umen</strong></span> <span class='ocrx_word' id='word_1_240' title='bbox 348 3782 528 3868; x_wconf 77' lang='lat' dir='ltr'><strong>judicabis,</strong></span> <span class='ocrx_word' id='word_1_241' title='bbox 571 3777 599 3840; x_wconf 77' lang='lat' dir='ltr'><strong>a</strong></span> <span class='ocrx_word' id='word_1_242' title='bbox 621 3798 691 3840; x_wconf 72' lang='lat' dir='ltr'><strong>rem</strong></span> <span class='ocrx_word' id='word_1_243' title='bbox 711 3775 962 3858; x_wconf 73' lang='lat' dir='ltr'><strong>oppignoratam</strong></span> <span class='ocrx_word' id='word_1_244' title='bbox 980 3765 1053 3848; x_wconf 84' lang='lat' dir='ltr'><strong>quis</strong></span> <span class='ocrx_word' id='word_1_245' title='bbox 1073 3761 1187 3824; x_wconf 72' lang='lat' dir='ltr'><strong>vinas-</strong></span> 
     </span>
     <span class='ocr_line' id='line_1_34' title="bbox 117 3865 1187 3968; baseline -0.024 -18"><span class='ocrx_word' id='word_1_246' title='bbox 117 3897 190 3966; x_wconf 90' lang='lat' dir='ltr'><strong>cet,</strong></span> <span class='ocrx_word' id='word_1_247' title='bbox 211 3886 267 3968; x_wconf 87' lang='lat' dir='ltr'><strong>qni</strong></span> <span class='ocrx_word' id='word_1_248' title='bbox 289 3887 430 3966; x_wconf 87' lang='lat' dir='ltr'><strong>aliunde,</strong></span> <span class='ocrx_word' id='word_1_249' title='bbox 454 3906 523 3948; x_wconf 87' lang='lat' dir='ltr'><strong>non</strong></span> <span class='ocrx_word' id='word_1_250' title='bbox 544 3902 563 3943; x_wconf 89' lang='lat' dir='ltr'><strong>a</strong></span> <span class='ocrx_word' id='word_1_251' title='bbox 583 3880 743 3954; x_wconf 88' lang='lat' dir='ltr'><strong>debitore,</strong></span> <span class='ocrx_word' id='word_1_252' title='bbox 771 3873 953 3939; x_wconf 89' lang='lat' dir='ltr'><strong>dominium</strong></span> <span class='ocrx_word' id='word_1_253' title='bbox 974 3868 1026 3931; x_wconf 89' lang='lat' dir='ltr'><strong>rei</strong></span> <span class='ocrx_word' id='word_1_254' title='bbox 1045 3865 1187 3948; x_wconf 86' lang='lat' dir='ltr'><strong>acquisi-</strong></span> 
     </span>
     <span class='ocr_line' id='line_1_35' title="bbox 118 3967 1186 4070; baseline -0.024 -18"><span class='ocrx_word' id='word_1_255' title='bbox 118 3989 235 4052; x_wconf 70' lang='lat' dir='ltr'><strong>verit?</strong></span> <span class='ocrx_word' id='word_1_256' title='bbox 301 3989 384 4051; x_wconf 90' lang='lat' dir='ltr'><strong>Huic</strong></span> <span class='ocrx_word' id='word_1_257' title='bbox 412 3985 625 4070; x_wconf 87' lang='lat' dir='ltr'><strong>acquisitione</strong></span> <span class='ocrx_word' id='word_1_258' title='bbox 652 3982 792 4064; x_wconf 87' lang='lat' dir='ltr'><strong>probata</strong></span> <span class='ocrx_word' id='word_1_259' title='bbox 818 3977 910 4038; x_wconf 83' lang='lat' dir='ltr'><strong>iavet</strong></span> <span class='ocrx_word' id='word_1_260' title='bbox 930 3967 1067 4033; x_wconf 88' lang='lat' dir='ltr'><strong>dominii</strong></span> <span class='ocrx_word' id='word_1_261' title='bbox 1086 3985 1186 4050; x_wconf 86' lang='lat' dir='ltr'><strong>prae-</strong></span> 
     </span>
    </p>
   </div>
   <div class='ocr_carea' id='block_1_3' title="bbox 121 4066 1296 4165">
    <p class='ocr_par' dir='ltr' id='par_1_3' title="bbox 121 4066 1296 4165">
     <span class='ocr_line' id='line_1_36' title="bbox 121 4066 1296 4165; baseline -0.028 -11"><span class='ocrx_word' id='word_1_262' title='bbox 121 4092 254 4154; x_wconf 87' lang='lat' dir='ltr'><strong>sumtio.</strong></span> <span class='ocrx_word' id='word_1_263' title='bbox 320 4093 476 4156; x_wconf 88' lang='lat' dir='ltr'><strong>Creditor</strong></span> <span class='ocrx_word' id='word_1_264' title='bbox 510 4094 617 4149; x_wconf 81' lang='lat' dir='ltr'><strong>autem</strong></span> <span class='ocrx_word' id='word_1_265' title='bbox 632 4105 637 4161; x_wconf 65' lang='lat'><em>3</em></span> <span class='ocrx_word' id='word_1_266' title='bbox 652 4079 800 4165; x_wconf 81' lang='lat' dir='ltr'><strong>pignoris</strong></span> <span class='ocrx_word' id='word_1_267' title='bbox 838 4069 1059 4138; x_wconf 81' lang='lat' dir='ltr'><strong>conservandi</strong></span> <span class='ocrx_word' id='word_1_268' title='bbox 1084 4066 1188 4147; x_wconf 83' lang='lat' dir='ltr'><strong>gratia</strong></span> <span class='ocrx_word' id='word_1_269' title='bbox 1293 4122 1296 4130; x_wconf 74' lang='grc'><strong>,</strong></span> 
     </span>
    </p>
   </div>
   <div class='ocr_carea' id='block_1_4' title="bbox 120 4167 1186 4384">
    <p class='ocr_par' dir='ltr' id='par_1_4' title="bbox 120 4167 1186 4384">
     <span class='ocr_line' id='line_1_37' title="bbox 120 4167 1186 4276; baseline -0.031 -18"><span class='ocrx_word' id='word_1_270' title='bbox 120 4195 267 4276; x_wconf 85' lang='lat' dir='ltr'><strong>probare</strong></span> <span class='ocrx_word' id='word_1_271' title='bbox 291 4195 452 4272; x_wconf 72' lang='lat' dir='ltr'><strong>debebit,</strong></span> <span class='ocrx_word' id='word_1_272' title='bbox 479 4185 632 4275; x_wconf 85' lang='lat' dir='ltr'><strong>petitoris</strong></span> <span class='ocrx_word' id='word_1_273' title='bbox 656 4194 823 4246; x_wconf 87' lang='lat' dir='ltr'><strong>auctorem</strong></span> <span class='ocrx_word' id='word_1_274' title='bbox 847 4173 1015 4238; x_wconf 89' lang='lat' dir='ltr'><strong>dominum</strong></span> <span class='ocrx_word' id='word_1_275' title='bbox 1038 4187 1109 4230; x_wconf 90' lang='lat' dir='ltr'><strong>non</strong></span> <span class='ocrx_word' id='word_1_276' title='bbox 1128 4167 1186 4228; x_wconf 79' lang='lat' dir='ltr'><strong>fu-</strong></span> 
     </span>
     <span class='ocr_line' id='line_1_38' title="bbox 122 4267 1185 4384; baseline -0.026 -27"><span class='ocrx_word' id='word_1_277' title='bbox 122 4299 200 4360; x_wconf 90' lang='lat' dir='ltr'><strong>isse.</strong></span> <span class='ocrx_word' id='word_1_278' title='bbox 224 4297 503 4384; x_wconf 83' lang='lat' dir='ltr'><strong>¹Quam&#39;iniquum</strong></span> <span class='ocrx_word' id='word_1_279' title='bbox 527 4297 592 4371; x_wconf 82' lang='lat' dir='ltr'><strong>est,</strong></span> <span class='ocrx_word' id='word_1_280' title='bbox 613 4277 696 4354; x_wconf 88' lang='lat' dir='ltr'><strong>hane</strong></span> <span class='ocrx_word' id='word_1_281' title='bbox 714 4279 935 4348; x_wconf 86' lang='lat' dir='ltr'><strong>difficillimam</strong></span> <span class='ocrx_word' id='word_1_282' title='bbox 953 4267 1185 4360; x_wconf 81' lang='lat' dir='ltr'><strong>probationem</strong></span> 
     </span>
    </p>
   </div>
   <div class='ocr_carea' id='block_1_5' title="bbox 0 0 1491 5064">
    <p class='ocr_par' dir='ltr' id='par_1_5' title="bbox 0 0 1491 5064">
     <span class='ocr_line' id='line_1_39' title="bbox 0 0 1491 5064; baseline 0 0"><span class='ocrx_word' id='word_1_283' title='bbox 0 0 1491 5064; x_wconf 95' lang='lat' dir='ltr'><strong> </strong></span> 
     </span>
    </p>
   </div>
  </div>
 </body>
</html>
