2960 5064
1142 364 1192 440 39

124 552 229 628 dum,
247 548 481 633 Imperatorem
500 550 706 620 insererem
726 565 849 624 uotum
868 561 1025 640 militum,
1045 567 1101 650 qui
1114 566 1189 634 loca

120 655 262 738 publica
285 655 552 735 occupaverint,
559 678 627 720 erm
647 661 892 744 probationem,
914 686 1009 784 quam
1030 661 1187 748 injunxe-

120 759 170 821 rit
189 755 406 840 petitoribus,
448 759 568 853 suscipi
589 761 748 828 voluisse
792 764 875 828 Nem
907 769 935 832 si
958 789 1082 831 novum
1107 771 1186 851 quid

122 849 318 944 praecipere
348 859 512 923 voluisset
541 860 722 947 Imperator
749 877 845 950 etque
878 870 962 954 juris
991 853 1184 952 antiquioris

119 961 286 1046 principie
317 959 358 1026 de
386 962 531 1050 dominio
543 966 731 1047 probando
762 971 948 1052 immutare,
991 972 1080 1036 haud
1109 975 1188 1048 scio,

119 1089 164 1136 an
201 1085 246 1126 ex
277 1044 515 1144 imperatorum
555 1067 755 1134 Christianae
790 1073 946 1157 religioni
979 1075 1184 1138 addictorum

119 1166 361 1232 consuetudine
390 1166 489 1252 longe
516 1171 588 1240 aliis
617 1172 728 1236 verbis
758 1176 807 1237 nti
837 1177 1011 1248 debuisset.
1078 1178 1183 1252 Quam

122 1267 441 1335 cousuetudinem
414 1291 442 1331 sr
463 1274 692 1354 observemus,
714 1276 775 1338 vix
796 1287 909 1358 potest
930 1281 1083 1363 dubitari,
1104 1278 1183 1362 quin

122 1357 293 1436 Horremus
322 1369 404 1452 juris
434 1375 626 1458 antiquioris
659 1379 820 1461 principia
849 1404 884 1443 se
912 1384 1009 1465 parvi
1034 1383 1182 1482 pendere

119 1499 157 1540 ec
188 1483 398 1538 contemnere
428 1472 681 1558 significaturus,
726 1491 758 1542 et
788 1503 868 1563 qnae
898 1485 969 1566 ipsc
998 1497 1086 1545 nova
1108 1483 1181 1562 lege
1289 1547 1294 1555 ,

115 1577 343 1660 constituerit,
387 1576 632 1660 praedicaturus
659 1603 696 1643 ae
724 1585 1006 1650 commendaturus
1031 1585 1181 1646 omnibus

113 1681 232 1743 fuerit
274 1678 370 1740 Certe
390 1681 596 1763 probationis
620 1686 757 1748 dominii
776 1707 846 1749 non
867 1697 932 1752 tam
954 1689 1062 1750 obiter
1081 1684 1182 1746 fecis-

114 1797 165 1850 set
186 1783 395 1846 mentionem.
439 1780 538 1855 Quod
558 1806 630 1848 cum
654 1789 700 1850 ita
721 1789 779 1870 sit,
798 1790 1032 1856 constitutione
1052 1785 1183 1849 laudata

118 1885 322 1960 ostenditur,
356 1885 492 1951 eandem
514 1885 693 1951 dominium
715 1893 858 1956 auctoris
886 1891 1050 1975 probandi
1069 1908 1183 1950 neces·

117 1993 260 2066 ritatem,
295 2006 390 2071 quam
410 1986 485 2076 jure
508 1991 640 2072 antiquo
660 1991 788 2076 injungi
813 1994 950 2076 petitori
972 1991 1183 2053 consuevisse

115 2101 213 2154 antea
232 2099 416 2152 monstrare
438 2091 635 2173 studuimus,
678 2113 721 2156 ne
743 2098 803 2159 sub
826 2094 1080 2176 imperatoribus
1106 2091 1181 2172 qui-

105 2192 192 2260 ¹dem
213 2192 362 2269 desiisse,
384 2193 497 2276 potine
521 2195 622 2261 abiis
646 2217 716 2260 esse
739 2196 970 2261 confirmatam.

594 2385 628 2471 s·
670 2384 705 2451 ⁵·-

198 2500 270 2566 Iam
291 2502 476 2585 quaeritur,
520 2515 632 2568 utrum
659 2507 743 2569 locis
773 2504 987 2588 excerpere
1010 2502 1096 2564 Iuris
1120 2500 1181 2561 de-

113 2606 254 2690 promtis
283 2605 437 2689 probatio
470 2605 607 2671 dominii
635 2610 778 2675 auctoris
815 2607 950 2672 defendi
974 2604 1098 2688 possit,
1140 2621 1182 2662 en
1203 2625 1214 2692 ’-

113 2709 206 2769 noni
245 2707 299 2770 Ad
321 2727 416 2791 quem
437 2712 662 2793 quaestionem
689 2710 897 2794 respondeo,
939 2703 1181 2781 intersertos,

115 2813 174 2890 qui
195 2809 235 2872 ad
257 2830 325 2872 eam
350 2831 421 2872 rem
443 2814 627 2893 pertinent,
646 2815 749 2876 locos·
766 2831 836 2875 esse
858 2799 1004 2886 nullum,
1027 2807 1084 2887 qui
1103 2825 1182 2866 sen·

112 2911 235 2972 tentiae
258 2911 489 2978 Thibautienee
509 2914 636 2993 faveat,
660 2925 693 2980 et
712 2916 741 2978 si
759 2916 873 2978 favere
897 2913 1005 2996 primo
1028 2909 1183 2990 adspectu
1228 2943 1230 2948 -

111 3015 285 3092 videatur,
329 3015 493 3080 diversam
522 3017 763 3102 interpretandi
783 3018 946 3080 rationem
967 3003 1037 3074 non
1061 3009 1182 3078 admit·

111 3126 177 3184 tatt
217 3119 349 3202 plures,
396 3121 577 3204 exquibus
606 3123 708 3204 nihil,
750 3139 857 3203 neque
876 3121 912 3180 in
932 3117 1031 3193 hanc,
1074 3129 1182 3196 neque

111 3220 148 3280 in
171 3219 264 3280 illam
284 3233 411 3305 partem
432 3221 584 3306 depromi
607 3227 732 3309 possit:
774 3223 956 3284 nonnullos
986 3228 1094 3281 autem
1123 3233 1181 3274 re-

113 3320 235 3402 periri,
278 3327 393 3406 quibus
415 3327 561 3408 vulgaris
586 3328 627 3388 de
649 3327 805 3389 dominio·
824 3323 1007 3407 probando
1023 3315 1184 3380 sententia

116 3421 303 3488 confirmari
322 3421 488 3496 videatur(
551 3429 657 3514 Atque
676 3429 727 3491 his
750 3427 883 3510 quidem
911 3425 995 3485 loeis
1018 3442 1036 3482 a
1056 3416 1182 3500 pleris-

116 3543 182 3606 que
203 3525 443 3594 adnumeratur.

206 3669 236 3727 1·
273 3669 314 3732 L.
336 3676 389 3735 10.
420 3667 453 3731 0.
478 3665 519 3731 do
540 3670 752 3753 pignoratitia
780 3669 914 3728 actions.
944 3660 1001 3726 lv.
1026 3659 1099 3734 24,
1124 3651 1182 3713 ubi

243 3769 461 3855 Imperatores
489 3773 740 3834 Dtocnurrauus
777 3779 810 3831 et
846 3751 1070 3832 Mammeos
1101 3759 1184 3822 haec

247 3879 505 3958 rescripserunt:

163 4014 232 4073 Neo
250 4013 437 4095 creditores,
468 4038 525 4076 neo
545 4017 600 4098 qui
620 4013 672 4076 tis
693 4023 927 4092 erroneoserunt,
956 4006 1109 4068 adversus
1129 3995 1187 4055 de-

163 4119 296 4197 4440793,
324 4119 454 4200 pignori
476 4118 636 4202 quondam
664 4141 713 4180 res
742 4137 839 4176 rtexaa
864 4125 1024 4197 petentes,
1059 4077 1186 4164 reddito

157 4225 236 4298 I'W
257 4221 355 4328 (43444
378 4227 567 4303 quant-itote,
590 4225 642 4282 vel
628 4222 713 4282 this
736 4241 797 4280 non
819 4212 1058 4299 accipientibus,
1081 4201 1188 4263 oblata
