2960 5064
283 345 334 422 24

282 565 384 636 tero,
403 552 431 616 st
454 547 645 620 sententism
668 543 911 614 Thnaunmsm
940 546 977 612 iu
999 547 1146 612 dominio
1165 545 1343 631 probando

284 654 465 736 sequimur,
485 651 553 716 litis
573 650 831 714 denunciationis
853 650 914 713 rix
933 651 1123 733 utilitatem,
1141 649 1261 712 nedum
1277 667 1348 710 ne-

286 755 466 816 cessitatem
494 751 715 832 intelligimus.
779 750 829 816 Ex
862 773 898 818 ea
927 753 1013 815 enim
1039 753 1068 816 si
1101 752 1225 835 petitor
1255 749 1349 833 justa

288 875 382 917 causa
400 854 615 938 praecedente
645 864 678 916 et
701 853 879 916 traditione
907 856 1045 937 probata
1070 855 1148 917 satis
1178 870 1349 934 superque

286 957 367 1020 iecit
390 955 609 1038 officio,-quis
627 965 742 1017 auctor
767 957 837 1040 ejus
858 978 921 1040 pro
947 957 1080 1019 domino
1099 953 1256 1034 habetur,
1279 953 1349 1014 do·
1465 954 1470 994 ὃ

287 1078 349 1121 uec
370 1077 447 1120 reus
471 1060 669 1120 contrarium
692 1057 892 1135 ostenderit,
934 1079 993 1122 cur
1022 1057 1116 1120 litem
1144 1055 1351 1117 denuncian-
1467 1065 1468 1078 ¹

290 1158 364 1220 dam
385 1162 513 1224 auctori
532 1161 743 1237 arbitramur,
786 1161 842 1246 qui
870 1160 1114 1246 praesumtione
1143 1157 1280 1220 dominii
1308 1159 1350 1219 ab

291 1261 463 1323 evictionis
485 1262 635 1345 periculo
661 1263 737 1324 satis
764 1263 975 1328 defenditur?
1004 1259 1124 1324 Esdem
1145 1259 1351 1346 praesumtio

291 1361 428 1424 dominii
449 1363 600 1427 inutilem
622 1363 734 1428 reddit
758 1367 825 1428 litis
851 1363 1149 1460 denunciationem,
1191 1361 1353 1444 quie‘cc-

291 1466 386 1546 gitari
408 1468 492 1530 ratio
514 1466 608 1528 nulla
642 1477 769 1549 potest,
813 1490 875 1553 qus
897 1478 1012 1531 auctor
1031 1467 1168 1548 petitori
1189 1461 1352 1526 auxilium

288 1565 379 1630 ierre
402 1577 508 1653 quest.
551 1567 674 1632 Verum
693 1571 860 1635 enimvero
881 1571 1006 1653 legibus
1029 1569 1096 1631 litis
1120 1565 1352 1629 denunciatio-

240 1711 241 1718 κ
290 1671 341 1732 nis
373 1671 513 1733 officium
542 1673 589 1746 ei,
633 1675 688 1736 cui
720 1674 839 1737 evictio
872 1674 1032 1751 imminet,
1074 1670 1262 1754 impositum
1291 1675 1353 1728 est.

292 1767 393 1846 Quod
416 1793 475 1835 cur
495 1771 616 1836 iactum
638 1778 697 1856 sit,
717 1777 882 1862 quianon
906 1775 1120 1857 intelligitur,
1148 1772 1213 1836 nisi
1236 1773 1275 1835 ab
1298 1771 1353 1851 iis,

290 1877 347 1958 qui
378 1895 397 1935 a
422 1876 566 1958 petitore
595 1880 824 1960 probationem
862 1879 998 1942 dominii
1027 1877 1171 1938 auctoris
1205 1855 1352 1960 eiigunt,

292 1997 354 2039 nec
377 1997 460 2042 vero
485 2001 505 2041 a
534 1977 767 2044 Thibuutianae
788 1981 965 2044 sententies
991 1979 1235 2055 defensoribus,
1264 1975 1354 2036 illud

292 2081 500 2164 potissimum
524 2092 713 2164 argumento
739 2097 806 2161 est,
849 2084 917 2167 jam
952 2083 1039 2169 apud
1062 2081 1227 2146 Romanos
1257 2078 1353 2142 istam

237 2213 240 2220 ·
291 2181 521 2266 probationem
546 2187 646 2252 fuism
668 2189 891 2254 necessariam.

759 2415 790 2500 s.
834 2413 886 2483 19.

374 2543 530 2632 Accedit,
569 2551 659 2636 qnod
680 2551 852 2614 discrimen
876 2549 979 2626 illud,
1020 2550 1110 2633 quod
1131 2551 1219 2612 inter
1236 2545 1353 2608 Publi-

293 2649 418 2712 cianam
442 2654 604 2718 sotionem
634 2664 668 2716 et
691 2653 742 2718 rei
765 2655 1020 2718 vindicationem
1043 2656 1095 2716 Ill.
1120 2653 1274 2714 ramnus
1298 2651 1353 2712 in-

226 2745 233 2754 ’
292 2753 463 2819 teroeders
485 2755 659 2819 arbitratur
665 2765 793 2834 ,ceute
817 2758 947 2841 quidem
970 2757 1189 2839 excogitatum
1211 2761 1271 2833 est,
1292 2771 1354 2813 nec

292 2877 376 2921 vero
404 2859 493 2920 cumi
516 2877 558 2918 ex
580 2871 673 2940 parte
694 2870 806 2946 potest
834 2863 1052 2943 comprobari.
1114 2855 1234 2917 Statuit
1259 2855 1353 2932 enim,

241 2971 243 2974 ’
292 2963 469 3042 petitorem
490 2962 542 3025 rei
560 2963 783 3028 vindicatione
804 2987 900 3029 usum
921 2963 1086 3045 superari,
1130 2959 1159 3020 si
1188 2968 1354 3020 auctorem

294 3067 364 3148 ejus
386 3085 456 3125 non
477 3064 580 3128 fuisse
604 3067 771 3131 dominum
802 3065 1007 3130 adversarius
1042 3062 1244 3136 ostenderit3
1287 3057 1354 3118 Pu-

292 3166 433 3229 bliciana
463 3176 572 3230 antem
601 3169 728 3231 actione
750 3171 924 3248 instituta,
962 3167 1087 3228 etiamsi
1115 3164 1151 3225 id
1177 3153 1379 3246 probatum¹

293 3270 352 3348 sit,
384 3279 492 3333 tamen
514 3269 573 3331 lite
596 3290 667 3341 esse
689 3271 910 3354 superiorem,
945 3267 1009 3328 nisi
1028 3288 1201 3349 possessor
1223 3271 1356 3348 praete·

292 3389 351 3436 reu
370 3372 487 3435 melem
507 3371 606 3434 fidem
626 3371 860 3434 monstraverit
888 3371 1050 3456 petitoris.
1115 3369 1214 3451 Atqui
1242 3365 1270 3425 si
1294 3387 1356 3426 au-

292 3485 367 3540 ctor
387 3473 538 3556 petitoris
560 3474 595 3538 in
618 3474 703 3538 mela
720 3474 787 3536 fide
809 3483 957 3537 versatus
984 3482 1051 3551 est,
1074 3471 1172 3535 statui
1191 3469 1279 3533 illud
1299 3468 1355 3529 vi-

294 3574 392 3637 detur
415 3597 484 3637 non
507 3597 617 3659 posse.
660 3577 745 3642 Nem
767 3578 824 3660 qui
845 3598 915 3642 rem
936 3577 1074 3639 alienum
1097 3576 1136 3635 ab
1157 3573 1243 3652 elio,
1284 3591 1356 3634 rem

295 3695 364 3737 esse
387 3677 541 3757 alienam,
578 3699 648 3742 non
668 3682 856 3764 ignorante,
892 3681 970 3742 emit
994 3689 1027 3740 et
1048 3676 1201 3740 traditum
1223 3673 1356 3754 occepit,

292 3799 399 3861 neque
436 3798 616 3862 usucapere
649 3803 735 3858 eam,
785 3801 892 3863 neque
922 3782 1111 3844 Publiciana
1149 3778 1278 3837 actione
1306 3777 1356 3836 un'

294 3881 408 3942 amissa
432 3884 641 3964 possessione
663 3895 795 3968 potest,
836 3884 910 3966 quio
932 3884 1079 3965 quirem
1101 3879 1239 3941 alienam
1257 3882 1356 3960 igno·
1471 3927 1472 3946 ,

178 4057 185 4073 ·
292 3991 388 4045 rante
409 3983 467 4046 rel
485 3985 591 4047 invito
616 3987 749 4049 domino
771 3985 856 4048 mala
878 3986 944 4047 fide
969 3983 1138 4061 vendidit,
1159 3981 1285 4046 furtum
1299 4000 1355 4045 vs-

296 4083 393 4148 detur
415 4088 624 4152 commisisse.
670 4091 769 4166 Quod
801 4089 995 4150 ostendunt:

391 4222 417 4274 t.
461 4205 496 4274 L.
521 4216 550 4270 1.
571 4208 605 4270 G.
630 4213 668 4272 da
691 4213 881 4291 usucapione
895 4229 955 4292 pro
978 4220 1098 4274 sonore.
1130 4205 1197 4268 v11.
1220 4213 1272 4272 26.
1329 4265 1332 4270 .
