2928 5068
838 334 851 378 ⁹
1099 355 1171 432 149

108 545 218 628 Quod
247 575 288 619 ex
322 555 363 616 iis
392 554 603 642 intelligitur,
651 575 732 638 quae
750 558 833 640 dege
855 556 1045 630 'ludioiariu
1077 567 1169 626 novo.

109 657 182 718 ru.
206 659 301 728 XIV.
322 657 347 741 ᾗ.
370 663 401 726 3.
424 658 469 728 de.
486 656 708 720 nominatione
729 657 871 721 auctoris
894 661 1065 744 constituta
1081 672 1165 724 sunt.

105 758 181 832 Qui
204 781 370 841 ueneno,
396 749 585 822 sedelieno
615 759 748 820 nomine
770 781 852 834 rem¹
866 763 909 824 ab
927 759 992 822 alio
1015 763 1165 826 vindica·
1192 785 1196 794 ·

102 869 176 924 tam
198 861 362 943 possidet,
405 872 479 925 ante
505 862 646 944 primum
679 859 851 924 terminum
878 872 1044 930 auctorem
1071 865 1163 948 cujus

100 964 243 1024 nomine
268 962 303 1026 in
326 965 533 1047 possessione
556 973 621 1041 est,
652 961 748 1028 debet
770 966 955 1042 nominare,
985 987 1049 1048 quo
1075 967 1162 1027 sacto

98 1083 185 1126 reus
204 1061 264 1124 lite
284 1064 443 1130 liberatur
466 1074 499 1128 et
520 1076 649 1144 auctor,
671 1085 766 1149 quem
784 1066 978 1144 nominavit,
999 1069 1075 1129 loco
1093 1068 1163 1151 ejus
1230 1105 1238 1120 ψ

99 1166 254 1226 citandus
278 1179 341 1249 est,
360 1179 398 1232 ut
422 1170 463 1232 ad
488 1169 638 1231 libellum
656 1189 676 1232 a
695 1167 839 1250 petitore
861 1169 1005 1231 oblatum
1020 1189 1163 1250 respon-

98 1267 191 1332 deat.
209 1287 213 1294 ·
231 1269 357 1332 Auctor
378 1272 406 1334 si
428 1279 562 1354 apparet
582 1278 677 1353 atque
699 1289 769 1332 rem
793 1289 882 1332 suam
898 1290 967 1332 esse
983 1271 1086 1350 negat,
1107 1289 1162 1332 res

99 1369 178 1430 sine
201 1371 384 1452 ambagibus
407 1371 545 1455 petitori
571 1371 772 1440 restituenda
792 1380 842 1431 est
870 1382 902 1433 et
925 1371 966 1430 lis
994 1381 1064 1437 tota
1084 1371 1162 1462 lini-

97 1480 171 1558 tur.
214 1467 265 1532 Ex
286 1494 350 1554 quo
371 1483 476 1558 patet,
498 1466 566 1535 non
586 1474 660 1557 cogi
673 1491 896 1555 possessorem
917 1471 959 1532 ad
981 1469 1071 1532 litem
1087 1492 1159 1531 cum

96 1571 246 1656 petitore
269 1575 521 1656 suscipiendam,
545 1574 603 1636 sed
624 1573 778 1650 dicendo,
801 1595 870 1638 rem
884 1595 952 1636 non
973 1594 1043 1636 esse
1059 1594 1158 1650 suam,

97 1693 139 1734 se
163 1673 268 1734 statim
289 1676 348 1736 lite
368 1696 471 1758 posse
488 1678 640 1739 liberare.
684 1676 754 1738 Nec
774 1695 856 1736 vero
881 1675 948 1736 hoc
966 1676 1011 1736 ita
1030 1673 1158 1735 intelli-

96 1774 243 1858 gendum
267 1786 331 1855 est,
348 1768 389 1838 'ut
411 1779 589 1840 nominatio
613 1779 755 1841 auctoris
780 1778 821 1840 sit
844 1777 991 1858 exceptio
1016 1775 1082 1837 litis
1103 1776 1158 1835 in-

96 1895 247 1956 gressum
276 1875 517 1960 impediens⁸in
531 1901 536 1911 ’
548 1881 735 1942 continenti·
753 1879 878 1967 liquida
906 1878 976 1939 sine
996 1868 1157 1939 ulteriore
1222 1897 1224 1900 ⁴

96 1979 307 2060 probatione.
350 1978 432 2042 Nam
452 1983 508 2064 qui
527 1992 623 2062 negat
645 2001 680 2043 se
702 1981 890 2062 possidere,
926 1980 1035 2064 potius
1056 1980 1156 2040 alium

99 2080 183 2140 dicit
203 2099 273 2141 esse
291 2100 533 2164 possessorem,
577 2093 632 2146 aut
662 2085 719 2165 ‹pni
741 2092 837 2163 negat
857 2102 927 2146 rem
956 2101 1032 2142 esse·
1056 2099 1155 2154 suam,

96 2201 170 2242 non
190 2183 417 2264 ¹exceptionem
440 2186 594 2280 opponit,
617 2187 675 2247 sed
699 2205 767 2244 cem
789 2195 898 2267 negat,
919 2192 957 2245 ut
977 2183 1023 2242 ita
1042 2180 1155 2254 dicam,

99 2281 289 2366 qualitatem
310 2304 347 2344 ac
369 2285 610 2367 conditionem,
632 2311 651 2350 a
664 2308 734 2372 »qua
750 2285 838 2347 litem
854 2281 1058 2346 contestandi
1069 2300 1155 2364 pen·

95 2385 157 2448 det
182 2385 373 2464 necessitas3
423 2395 462 2448 ut
489 2389 596 2450 omnis
629 2390 775 2455 breviter
803 2386 1017 2470 complectar,
1060 2389 1157 2463 negat

10 2489 12 2502 '
97 2487 367 2568 legitimatienem
391 2493 435 2552 sd
454 2511 580 2558 causam
601 2493 772 2575 passivam.
818 2490 858 2554 Et
876 2489 969 2572 quod
986 2489 1060 2569 lege
1079 2487 1155 2546 lau-

98 2589 175 2651 data
196 2590 332 2669 dicitur,
361 2594 431 2655 sine
453 2593 614 2655 ulteriore
634 2594 830 2676 probatione
853 2613 942 2669 eum,
976 2590 1033 2671 qui
1055 2586 1154 2648 ellum

98 2692 246 2754 nominet
270 2703 454 2777 auctorem,
473 2698 533 2758 lite
548 2714 618 2756 esse
633 2695 854 2774 liberandum,
877 2706 978 2776 atque
989 2697 1155 2750 auctorem

96 2793 298 2857 nominatum
309 2796 385 2857 loco
403 2797 472 2882 ejus
487 2799 529 2860 ad·
541 2795 806 2878 respondendum
821 2793 959 2878 petitori
981 2789 1154 2863 citandum,

97 2897 135 2957 id
159 2915 229 2970 non
248 2897 411 2978 singulare
435 2909 500 2984 est,
541 2886 602 2960 nec
628 2917 647 2958 a
672 2895 840 2978 principiis
870 2897 953 2982 juris
981 2893 1155 2964 abhorret=5

99 2999 169 3059 imo·
192 3017 233 3060 ex
256 3009 370 3063 natura
389 3001 439 3061 rei
461 2999 626 3082 seqnitur,
662 3017 751 3076 eum,
786 2999 898 3080 quise
925 3004 1020 3078 negat
1044 2988 1155 3074 possi-

100 3101 197 3179 dere,
229 3121 268 3162 ea
283 3102 355 3184 ipsa
376 3104 547 3183 negatione
572 3121 641 3163 esse
664 3099 907 3181 dimittendum,
954 3099 1029 3180 qnia
1053 3111 1154 3155 verus

101 3227 178 3272 rens
201 3225 268 3266 non
292 3204 349 3282 sir,
372 3215 405 3268 et
426 3203 733 3288 psosssssionem‘ad
756 3203 932 3286 petitorem
952 3196 1156 3263 transferen-

103 3309 187 3370 dam.
229 3306 335 3388 Atque
356 3306 392 3369 id
413 3309 533 3390 ubique
556 3309 638 3395 juris
672 3315 737 3385 est,
762 3291 840 3366 ¹ubi
863 3306 920 3386 qui
945 3303 1072 3363 actione
1098 3293 1155 3354 vel

104 3413 140 3472 in
153 3419 225 3471 'iem
244 3409 304 3470 vel
313 3395 357 3469 in
371 3429 545 3490 personam
565 3410 777 3488 convenitur,
807 3425 876 3466 eam
898 3395 1155 3483 negat‘qualita-

106 3521 188 3588 tem,
238 3531 257 3573 a
287 3529 351 3591 qna
384 3511 558 3572 necessitas
590 3509 683 3570 litem
715 3527 788 3573 enm
820 3518 930 3569 actore
959 3493 1156 3579 suscipiendi

101 3615 233 3698 pendet.
298 3609 356 3673 Sic
374 3611 470 3672 etiam
491 3611 734 3693 expromimus?
786 3612 841 3694 qui
870 3631 890 3670 a
919 3603 1083 3667 creditore
1110 3595 1156 3676 *ad

103 3717 249 3778 debitum
272 3713 469 3776 solvendum
490 3715 700 3793 convenitur,
733 3719 894 3800 etspegat
924 3727 958 3768 se
988 3699 1157 3790 expromi·

105 3820 203 3894 sisse,
247 3827 320 3880 ante
349 3835 443 3897 quesn
473 3813 618 3877 creditor
642 3816 834 3897 probaverit
855 3803 1157 3898 expromissionem,

106 3919 148 3981 ad
170 3919 428 3982 controversiam
450 3937 522 3978 oum
547 3938 586 3979 eo
610 3917 650 3979 de
674 3919 783 3980 debito
806 3910 1043 3996 suscipiendam
1064 3925 1158 3965 com-

104 4023 189 4106 pelli
211 4041 280 4085 non
301 4028 427 4102 potesta
485 4020 590 4101 Atque
617 4039 656 4079 eo
681 4019 779 4080 ctiam
806 4035 882 4080 casu
907 4013 977 4076 sine
997 4005 1158 4070 ulteriore

107 4125 304 4208 probatione
335 4124 407 4184 sola
435 4120 702 4206 expromissionis
737 4119 909 4200 negatione
940 4116 999 4176 lite
1035 4103 1159 4168 tamdiu

111 4225 286 4306 liberatur,
325 4222 477 4308 quamdiu
497 4219 565 4284 eam
589 4221 738 4284 creditor
756 4241 824 4284 non
847 4213 1035 4281 ostenderit.
1077 4205 1160 4270 Num
