2960 5064
310 359 417 454 1t‚

308 587 420 649 uuor,
462 551 572 648 iustis}
594 555 633 627 ib
655 531 820 652 cipiyuuto
843 563 896 632 nol
915 555 957 630 ul
978 563 1069 651 ἑξῆς,
1113 577 1221 656 uacet
1241 571 1294 637 sui
1318 570 1380 638 tut

308 665 411 754 πάσης
431 666 489 750 τῆς
509 669 682 744 noetianos,
703 663 745 742 ὥς
766 667 801 732 ἐι
822 666 868 752 τῷ
888 661 926 736 δ’.
951 664 1065 756 iiiior.
1088 671 1149 737 roi
1167 663 1197 740 ci.
1215 671 1296 744 τιτλ.
1311 678 1378 742 τοῦ

307 770 346 843 ei.
371 769 455 858 βιβλ.
474 769 607 856 εἴρηται,
630 771 682 836 καὶ
705 773 739 836 e’r
762 772 807 854 ,τῷ
824 769 861 847 ζ.
876 774 939 838 τῶν
965 772 1001 838 δὲ
1023 777 1152 862 bibone,
1182 779 1235 843 uui
1249 805 1379 845 narru-

200 907 203 916 ·
308 877 366 964 χσῦ
391 870 594 958 οἶαισὸἠπστσ
621 878 762 957 νομίμοις
792 872 972 953 ἀποδείξεσι
977 926 989 955 ,
1030 881 1209 966 τουτέστιν,
1243 873 1378 967 sipi-eli

308 979 457 1058 ὢισαιισῠ,
470 975 536 1044 ἀλλ’
554 963 610 1044 sic
623 974 662 1042 ii
680 975 873 1065 σῑωιόήιιστι
887 977 1077 1058 ἀποδείξεων
1091 984 1244 1070 συστῆσαι
1260 987 1374 1052 τοῦτο.

300 1088 410 1164 Ωιιοᾶ
428 1086 473 1148 ita
502 1059 604 1148 vertit
627 1081 808 1148 Futurus.
874 1090 953 1151 Cum
982 1112 1032 1152 res
1061 1113 1123 1154 non
1155 1096 1375 1156 instrumentis

305 1203 479 1276 gerantur,
517 1191 630 1251 sedin
651 1189 703 1250 bis
731 1194 785 1255 eet
803 1203 913 1275 gestae
944 1197 1157 1258 testimonium
1180 1195 1377 1278 conferatur,

298 1295 433 1378 factam
461 1297 623 1354 emtionem
653 1307 683 1356 et
712 1297 748 1356 in
781 1315 918 1356 uacuam
944 1303 1165 1378 possessionem
1206 1299 1376 1360 inductum

303 1411 430 1482 patrem
452 1409 558 1479 tuum,
580 1402 783 1481 'pretiumque
806 1387 1023 1482 numeratum,
1060 1403 1174 1486 quibus
1193 1414 1297 1483 potes,
1328 1403 1376 1461 le·

305 1506 428 1585 gitimis
455 1489 698 1583 pribationibus
728 1501 838 1590 docere
866 1501 967 1566 debes.
1032 1507 1139 1588 Atque
1168 1510 1218 1568 ita
1246 1503 1375 1588 quidem

305 1594 343 1667 τὸ
366 1591 446 1666 κατὰ
465 1592 576 1675 πόδας.
620 1607 723 1688 Finge
747 1616 854 1665 actum
879 1612 913 1666 in
937 1629 1020 1668 rem:
1055 1619 1131 1668 nam
1160 1615 1190 1670 si
1221 1619 1374 1691 ageretur

305 1731 343 1770 ex
367 1724 445 1770 emto
480 1721 510 1768 et
530 1712 566 1770 in
582 1713 809 1788 possessionem
838 1709 986 1770 inductus
1015 1731 1078 1771 non
1105 1725 1198 1786 esset,
1237 1715 1272 1772 in
1301 1729 1374 1770 eam

304 1817 444 1894 centres,
474 1825 523 1906 ¹ut
550 1815 598 1872 rei
626 1813 775 1874 venditae
796 1829 900 1872 uacuo
918 1818 1073 1892 possessio
1096 1820 1207 1876 emtori
1232 1813 1374 1876 tradere-

305 1931 368 1980 tur.
436 1914 557 2001 (Quod
576 1936 646 1979 non
673 1925 764 1976 recte
796 1913 1001 1976 transtulisse
1026 1915 1160 1978 videtur
1186 1913 1371 1978 Frnnoros.

305 2019 355 2082 Ac
379 2019 460 2082 mihi
497 2019 628 2102 quidem
663 2015 763 2078 lectio
791 2004 934 2099 εἰσήγαγε
963 2037 1033 2080 non
1060 2026 1150 2080 recte
1180 2039 1215 2080 se
1246 2018 1370 2081 habers

302 2124 455 2200 videtum
478 2100 653 2202 legendarii
670 2120 783 2202 potius
804 2109 908 2203 sioiys
922 2141 960 2200 με
976 2119 1022 2191 εἰς
1036 2113 1135 2203 σιμήν
1155 2130 1188 2183 et
1205 2120 1301 2183 locus
1326 2118 1374 2178 ita

304 2227 550 2290 transferendus
578 2231 638 2285 cst.
701 2225 805 2306 stage
826 2238 935 2286 aetum
963 2230 998 2285 in
1029 2247 1094 2288 rem
1115 2239 1197 2284 esse.-
1239 2243 1318 2284 nam
1342 2224 1373 2280 si

301 2341 449 2410 urgeretur
471 2351 508 2391 ea·
530 2342 610 2389 emto
640 2338 670 2388 et
695 2328 731 2386 iu
752 2319 979 2407 pbssessionem
1008 2327 1157 2389 inductus
1187 2350 1251 2388 non
1281 2337 1372 2400 esset,

304 2431 433 2494 baberet
455 2455 525 2496 eam
548 2453 593 2494 so.
617 2428 778 2490 actionem
800 2431 894 2510 emti,
916 2433 1001 2494 bunc
1025 2436 1130 2512 ipsum
1150 2435 1185 2492 in
1196 2432 1311 2508 finem,
1333 2440 1372 2488 ut

303 2537 341 2596 in
357 2541 581 2617 possessionem
603 2531 826 2614 induceretur.)
872 2534 969 2612 Quod
987 2547 1093 2595 autem
1116 2536 1259 2598 dicitur.-
1291 2533 1371 2592 Cum

303 2661 354 2701 res
379 2661 440 2702 non
461 2639 677 2701 instrumentis
704 2649 734 2695 et
760 2659 842 2720 quae
865 2651 1053 2720 sequuntur,
1098 2640 1215 2700 obtinet
1247 2642 1282 2699 in
1306 2659 1372 2700 om·

303 2745 395 2806 nibus
410 2743 623 2806 contractibus
643 2763 680 2802 ex
702 2760 861 2814 consensu,
881 2755 916 2802 ut
939 2740 1057 2802 dicitur
1082 2748 1118 2806 in
1140 2744 1207 2826 dig.
1222 2744 1253 2804 4.
1273 2748 1320 2804 tit.
1340 2750 1368 2805 1.

303 2849 374 2910 Lib.
390 2856 443 2913 20.
455 2860 486 2908 et
500 2845 574 2908 Lib.
589 2849 620 2908 7.
642 2844 802 2907 derebus.
844 2848 888 2907 Et
911 2844 1023 2928 ubique
1045 2847 1278 2930 quibuscunque
1294 2869 1370 2928 pro-

304 2953 497 3035 bationibus,
517 2949 555 3010 id
575 2964 640 3032 est,
668 2955 781 3012 sinon
804 2954 1009 3010 instrumento
1034 2952 1212 3025 emtionali,
1235 2962 1366 3013 atcerte

258 3087 285 3120 .·
304 3055 538 3135 quibuscunque
562 3053 801 3136 probationibus
824 3054 1005 3130 ostendatur
1032 3053 1092 3116 boc
1114 3058 1275 3136 negotium
1298 3074 1369 3125 com

304 3167 441 3220 tractum
452 3156 589 3237 suisse.'
821 3164 825 3172 '

775 3327 808 3413 §.
850 3327 912 3394 11:

385 3449 521 3513 Praeter
539 3449 756 3514 Basilicorum
783 3450 1017 3528 auctoritatem,
1062 3471 1124 3534 qua
1147 3451 1208 3516 oet.
1232 3453 1371 3516 Unrrne

299 3573 467 3616 nonnanes
491 3555 717 3640 interpretatio
740 3553 902 3632 firmatur,
923 3552 1077 3615 nonnulli
1100 3555 1256 3638 Corporis
1279 3555 1368 3620 luris

300 3657 370 3716 loci
390 3656 504 3718 favere
532 3659 562 3717 ei
582 3657 755 3735 videntur,
793 3677 836 3717 ex
861 3658 977 3737 quibus
1001 3667 1148 3738 apparet,
1183 3679 1278 3741 saepe
1301 3659 1370 3720 du.

301 3756 438 3818 bitatum
459 3757 546 3838 apud
566 3755 731 3817 Romanos
753 3760 869 3833 fuisse,
910 3767 1021 3820 utrum
1048 3760 1269 3820 instrumentis
1291 3770 1368 3822 tan-

300 3867 387 3935 tum,
431 3878 472 3918 an
501 3859 597 3920 etiam
627 3858 698 3918 aliis
734 3859 984 3939 probationibus
1020 3854 1154 3920 tetendi
1185 3861 1367 3922 dominium

190 3961 193 3976 '
300 3969 424 4050 posset.
488 3962 594 4058 Atque
623 3959 687 4022 buo
714 3961 881 4040 pertinere
912 3959 987 4043 jure
1019 3961 1079 4020 sibi
1111 3963 1274 4043 persuasit
1304 3963 1367 4023 ille

301 4065 341 4122 L.
361 4069 411 4123 10.
435 4073 468 4125 et
491 4070 541 4126 19.
567 4063 601 4125 0.
623 4065 661 4122 de
682 4067 729 4123 rei
749 4063 962 4123 vindicatione
984 4059 1036 4122 lll.
1057 4068 1109 4126 32.
1129 4074 1300 4147 utramque
1323 4066 1364 4124 ab

301 4157 555 4244 imperatoribus
577 4165 807 4226 Drocnsrrsno
838 4173 869 4226 et
888 4164 1090 4228 Msxmsso
1119 4167 1239 4245 datam,
1279 4186 1364 4248 qua·

299 4283 372 4326 rum
390 4267 486 4348 prior
509 4267 589 4331 hsce
611 4269 772 4330 continet:
1106 4287 1109 4292 ·
