2960 5064
284 335 336 416 as
423 331 426 338 ,

325 537 439 624 forma
474 535 724 624 comprehendit,
763 556 896 620 pomum
931 537 1050 620 viginti
1083 534 1237 608 libram*
1274 557 1352 606 W
1462 625 1463 634 χ

327 645 479 728 labemus
510 639 659 708 adscribi.
1102 650 1106 655 ’

290 832 364 908 Qua
385 829 459 914 lege
477 829 513 894 in
534 829 681 896 favorem
707 829 847 892 militnm
873 827 940 890 lata
959 827 1142 912 Imperator
1167 827 1352 906 constituit,

290 942 329 996 ut
350 933 426 994 loca
451 931 583 1016 publica
610 953 629 996 a
658 932 814 996 militibus
844 941 1000 1016 occupata
1013 971 1015 976 -
1029 932 1193 1016 raptisque
1221 931 1353 992 inclusa

291 1045 327 1096 et
347 1032 494 1098 aedificia
516 1036 552 1100 in
578 1034 652 1096 solo
680 1034 815 1116 publico
846 1042 994 1096 extructa
1021 1036 1061 1097 ab
1087 1035 1127 1098 iis
1158 1035 1194 1100 in
1223 1052 1352 1118 perpe-

288 1148 382 1202 tuum
404 1135 541 1223 dominii
560 1138 635 1226 ju'ra
656 1136 897 1222 possideantur.
959 1133 1019 1200 Sin
1046 1147 1156 1202 autem
1174 1137 1254 1200 haec
1272 1138 1352 1198 loca

255 1297 262 1310 ,
288 1241 552 1325 possessombus,
573 1241 630 1324 qui
654 1261 692 1304 ea
715 1240 858 1325 primum
880 1239 1130 1322 occupaverint,
1150 1259 1213 1324 per
1230 1259 1350 1324 preces

289 1346 430 1407 aliorum
453 1343 496 1405 ad
515 1342 749 1428 imperatorem
770 1341 892 1406 delatas
920 1348 1032 1423 erepta
1050 1342 1191 1420 suerint,
1232 1361 1351 1405 eare-

289 1447 380 1510 stitui
398 1445 493 1530 jubet
514 1448 681 1532 prioribus
699 1445 944 1530 possessoribus
966 1443 1017 1508 rei
1040 1444 1263 1508 vindicatione
1285 1463 1349 1510 ex-

286 1548 401 1632 pertis.
447 1546 517 1612 Jans
537 1568 642 1628 vero,
682 1549 739 1634 qni
757 1545 942 1627 vindicant,
980 1545 1158 1610 secundnm
1183 1548 1350 1610 constitu-

263 1689 266 1696 .
285 1650 387 1717 tionis
408 1659 631 1734 argumentum
648 1651 769 1717 debent
786 1647 945 1738 probare,
965 1648 1058 1730 loca,
1081 1671 1162 1734 quae
1182 1650 1350 1734 patierint,

285 1753 473 1834 possedisse
494 1762 588 1815 antea
606 1755 785 1832 neminem,
825 1751 871 1818 ita
897 1757 936 1812 ut
958 1750 1112 1834 occupari
1137 1774 1206 1814 non
1226 1751 1350 1836 injuria

284 1855 472 1938 potuerint,
509 1863 567 1920 aut
590 1854 702 1922 eadem
723 1857 764 1920 ab
786 1855 854 1934 iis,
879 1851 936 1936 qui
956 1853 1099 1936 primum
1120 1874 1157 1918 ea
1186 1875 1348 1937 occupas-

286 1951 377 2039 sent,
407 1959 443 2022 in
462 1979 515 2040 se,
537 1958 605 2044 'qui
631 1979 718 2022 nunc
738 1951 924 2034 vindicent,
959 1976 1031 2019 esse
1056 1957 1220 2022 translata.
1262 1956 1350 2031 Qui·

284 2055 347 2120 bus
367 2062 478 2126 verbis
501 2083 598 2126 nemo
617 2041 702 2144 ‘er-it,
721 2061 800 2152 quin
821 2059 1050 2145 probationem
1071 2058 1208 2124 dominii
1230 2070 1350 2123 aucto·

285 2159 333 2220 ris
356 2164 520 2228 contineri
540 2165 727 2228 arbitretur.
771 2163 908 2228 Probari
931 2163 1017 2226 enim
1042 2184 1060 2224 a
1079 2163 1223 2250 petitore
1230 2208 1242 2239 ,
1276 2187 1347 2228 rem

284 2263 419 2345 petitam
446 2269 486 2330 ab
515 2287 575 2348 oo,
616 2263 673 2354 qui
705 2289 775 2332 eam
809 2265 874 2352 ipsi
897 2265 1071 2328 tradiderit
1097 2265 1234 2348 praevia
1260 2267 1348 2352 justa

285 2384 398 2443 causa,
432 2366 575 2453 primum
596 2388 667 2434 esse
690 2376 896 2453 occupatam',
933 2365 1013 2448 quid
1034 2366 1126 2427 aliud
1149 2377 1216 2445 est,
1252 2391 1349 2454 quam

285 2465 480 2532 diabolicam
505 2474 671 2556 suscipere
699 2469 954 2556 probationem?
997 2467 1097 2544 Quod
1124 2481 1239 2534 nostra
1263 2495 1347 2539 eon·

284 2567 458 2644 stitutione
477 2573 616 2655 petitori
637 2573 724 2638 illud
742 2584 867 2660 tantum
887 2570 1087 2660 injungitul'-‚
1119 2581 1157 2632 ut
1178 2585 1346 2642 auctorem

282 2689 378 2734 suum
398 2674 542 2755 primum
572 2697 611 2740 aa
632 2677 708 2741 locs
739 2695 915 2760 occupasse
942 2675 1080 2763 probet,
1121 2675 1208 2760 vim,
1251 2703 1346 2764 quam

279 2769 362 2835 haee
386 2775 445 2839 lex
468 2775 512 2841 sd
539 2781 710 2864 vulgarem
740 2778 932 2844 sententiiun
961 2774 1213 2844 confirmandam
1240 2783 1346 2866 habet,

279 2874 379 2938 nullo
396 2889 495 2962 paeto
517 2883 644 2948 minuit.
687 2879 772 2949 Nam
794 2880 1010 2964 occupatione
1036 2878 1077 2940 ab
1106 2892 1242 2968 auctore
1261 2887 1346 2952 sacta

276 2981 539 3064 perpetrarem
561 2986 700 3069 probata
724 2982 903 3048 dominium
932 2981 1074 3044 auctoris
1102 2983 1204 3066 plane
1231 3000 1345 3052 osten-

279 3097 353 3141 sum
374 3091 441 3161 est,
479 3086 526 3148 its
547 3096 586 3149 nt
608 3082 651 3150 sd
671 3087 869 3152 remotiores
889 3095 1113 3146 antecessores
1133 3087 1169 3150 in
1196 3089 1343 3156 dominio

277 3181 454 3260 probando
476 3185 639 3249 redeundi
660 3187 847 3250 necessitas
877 3184 1015 3268 cogitari
1043 3206 1113 3250 non
1137 3191 1253 3273 possit.
1296 3194 1345 3256 dc

275 3292 449 3362 praeterea
469 3309 531 3376 per
552 3308 588 3350 ae
608 3287 819 3370 intelligitur,
854 3287 1089 3370 imperatorem
1112 3292 1208 3358 eliam
1229 3314 1344 3358 remo-

278 3384 403 3451 tiorum
425 3402 598 3455 auctorum
620 3390 802 3458 dominium
823 3413 843 3458 a
862 3389 1007 3476 petitore
1027 3393 1164 3474 probari
1183 3397 1343 3481 voluisse,

277 3489 308 3551 si
327 3492 418 3556 torta
440 3507 557 3559 auctor
578 3495 734 3579 petitoris
761 3496 935 3579 proximus
960 3511 998 3554 ea
1016 3491 1093 3556 loca
1111 3518 1181 3559 non
1200 3501 1344 3583 primum

279 3597 508 3677 occupaverit,
542 3598 604 3660 'sed
624 3597 664 3661 ab
691 3598 763 3662 aliis
786 3597 906 3670 tradita
927 3597 1098 3678 acceperit.
1141 3597 1293 3686 Ceterum
1314 3605 1343 3666 si

277 3711 342 3773 qua
365 3697 448 3759 oriri
466 3695 581 3782 posset¹
602 3697 778 3777 dubitatio,
796 3721 875 3764 num
893 3698 1128 3764 constitutione
1150 3715 1264 3766 nostra
1284 3725 1342 3766 re-

276 3811 359 3856 vera
390 3797 431 3858 da
459 3800 606 3864 dominio
635 3802 810 3883 probando
843 3811 1011 3885 ageretur,
1056 3821 1127 3865 eam
1152 3801 1345 3869 removeret

274 3893 448 3979 inscriptio
470 3901 560 3964 titali
583 3903 622 3964 de
642 3907 691 3966 rei
708 3906 942 3978 vindicatione,
985 3901 1039 3962 oui
1059 3902 1117 3964 lex
1138 3907 1262 3968 inserta
1281 3927 1340 3970 re·
1405 3971 1413 3982 ,

273 3999 413 4078 peritur.
458 4004 609 4085 Accedit,
632 4005 724 4090 quod
746 3992 937 4068 constitutio
959 4005 1005 4066 ita
1034 4005 1248 4088 intelligenda
1270 4029 1340 4071 non

275 4108 342 4177 est,
384 4105 477 4184 quasi
508 4128 633 4170 novum
655 4118 752 4190 atque
781 4109 963 4171 inauditum
985 4106 1109 4190 aliquid
1138 4108 1180 4171 de
1201 4109 1338 4174 dominii

260 4191 470 4288 ⁸probatione
493 4207 676 4291 imperator
698 4229 736 4271 ea
755 4209 981 4287 constituerim
1019 4231 1125 4295 neque
1146 4211 1337 4276 existiman-
