2960 5064
1155 409 1205 484 19

58 661 64 672 ,
144 609 240 664 antea
259 599 424 683 explicare
449 597 677 662 studuerimus.
717 593 862 662 Eandem
885 602 929 664 ob
951 623 1095 687 causam,
1115 633 1202 694 quo.

141 704 231 764 uiam
257 701 458 786 praesumtio
495 700 577 783 juris
611 702 736 782 legibus
771 701 959 767 confirmata
990 713 1071 770 esse
1096 713 1202 796 debet,

143 805 336 866 sententiam
358 802 603 882 Thibautianam
628 803 809 867 novissime
831 805 1004 874 lirnsonur.
1035 813 1071 876 in
1092 813 1200 880 libro:

142 907 266 968 Archiv
284 908 350 990 fiir
373 907 574 968 civilistieohe
606 905 734 969 Praete.
766 907 803 972 V
797 908 836 999 οἱτ
859 913 922 972 IX.
950 939 1030 1000 pag.
1051 925 1128 982 330.
1151 939 1198 1007 sq,
1257 961 1259 972 .

140 1009 355 1092 impugnavit.

606 1199 735 1285 uta.
814 1238 819 1246 -

226 1317 393 1382 Praeterea
406 1317 546 1402 'negotia
567 1331 643 1400 sunt
664 1317 708 1386 ad
732 1321 997 1388 transferendum
1019 1325 1200 1400 dominium

143 1416 317 1501 destinata,
337 1443 478 1506 quorum
497 1433 613 1484 natura
636 1423 721 1504 sert,
741 1425 891 1507 utnulla
911 1436 945 1488 et
963 1429 1108 1494 invalida
1129 1455 1200 1502 essa

142 1521 329 1598 videantur,
350 1526 388 1600 si,
404 1528 460 1608 qni
472 1525 523 1587 rei
536 1524 716 1588 dominium
731 1526 766 1588 in
779 1527 919 1589 alterum
930 1533 1076 1598 voluerit
1091 1543 1199 1601 mans-

142 1621 248 1703 ierre,
269 1645 340 1688 rem
360 1629 530 1711 propriam
550 1649 620 1689 non
639 1627 765 1691 habeat.
806 1629 859 1690 Ad
881 1651 919 1692 ea
940 1635 1039 1695 emtio
1064 1645 1097 1696 et
1113 1659 1199 1702 ven-

141 1723 224 1786 ditio
246 1728 376 1808 quidem
396 1751 466 1792 non
484 1731 636 1811 pertinet.
679 1730 783 1814 Hujus
819 1732 904 1795 enim
929 1745 1115 1801 contractus
1137 1761 1200 1804 ua.

138 1834 215 1888 tura
235 1849 304 1890 non
327 1851 397 1892 rem
417 1832 602 1894 venditoris
624 1834 794 1914 propriam
820 1837 979 1918 postulat,
1019 1860 1086 1904 nno
1115 1843 1199 1906 alie-

138 1951 214 1991 nam
239 1931 397 2012 admittit,
421 1933 572 2014 quoniam
594 1951 614 1992 a
634 1933 809 1995 venditore
830 1957 898 1998 non
921 1947 987 2004 tam
1009 1941 1200 2025 dominium‚·

139 2054 237 2116 quam
258 2051 361 2092 vacua
383 2035 545 2116 possessio
568 2042 622 2096 aut
636 2053 675 2095 re
695 2036 801 2097 evicta
816 2038 935 2100 evictio
960 2043 1080 2105 emtori
1098 2066 1198 2126 prae-

38 2129 43 2142 '
140 2135 254 2196 etanda
277 2144 334 2197 est.
378 2138 467 2212 Quin
489 2136 583 2197 etiam
604 2137 781 2199 conventio
805 2124 940 2208 emtioni
959 2151 993 2203 et
1014 2143 1200 2209 venditioni

138 2236 280 2321 adjecta,
312 2257 375 2321 qua
399 2239 555 2303 venditor
575 2238 754 2304 dominium
779 2259 851 2301 sese
873 2244 1106 2325 praestiturum
1128 2267 1200 2311 esse

136 2341 315 2422 promittit,
345 2342 427 2404 adeo
448 2351 551 2404 mutat
573 2343 642 2427 ejus
666 2350 852 2402 contractus
873 2353 1038 2426 naturam,
1067 2357 1106 2409 ut
1127 2369 1199 2413 em-

27 2507 40 2518 ·
138 2443 185 2502 tio
209 2453 241 2504 et
261 2444 410 2506 venditio
434 2447 571 2528 amplius
590 2445 737 2521 nonsit,
780 2444 892 2506 sedin
920 2457 1122 2510 contractum
1141 2451 1198 2512 in·

137 2545 339 2607 nominatum
360 2557 511 2610 transeat.
544 2548 646 2621 Quod
667 2568 711 2609 ex
727 2550 768 2608 L.
791 2548 849 2620 ult.
871 2551 917 2614 D.
942 2551 982 2611 de
1003 2552 1199 2616 condictione

129 2635 239 2708 ‘causa
260 2649 359 2730 data,
382 2673 482 2728 eausa
502 2673 564 2712 nou
584 2663 705 2711 secuta.
726 2649 795 2713 XII.
818 2650 848 2710 4.
877 2651 1084 2732 intelligitur.
1127 2651 1198 2715 Jam

137 2766 221 2808 vero
242 2755 437 2830 permutatio
468 2753 617 2814 adhaec
644 2753 776 2832 negotia
806 2751 994 2814 omnimodo
1022 2753 1200 2817 reserenda

140 2857 205 2926 est,
249 2861 282 2912 et
303 2874 414 2914 omnes
440 2875 479 2914 eo
501 2853 668 2934 pertinent
697 2863 882 2912 contractus
907 2852 1118 2928 innominati,
1157 2877 1200 2920 ex

140 2951 256 3032 quibus
280 2954 339 3015 vel
361 2957 400 3016 ab
422 2965 559 3033 utraque
584 2951 642 3012 vel
664 2951 703 3012 ab
726 2972 792 3012 una
810 2960 905 3034 parte
927 2971 981 3012 res
1008 2950 1118 3036 aliqua
1139 2957 1199 3018 da-

137 3064 205 3117 tur.
248 3054 332 3117 Nam
354 3056 487 3119 Pennus
516 3053 617 3117 Libro
640 3059 694 3123 32.
720 3053 760 3113 ad
781 3051 931 3114 Edictum
951 3051 986 3114 in
1006 3054 1047 3114 L.
1073 3064 1101 3118 1.
1123 3057 1147 3138 i.
1167 3067 1200 3124 3.

116 3161 191 3244 .1).Ι
212 3155 253 3218 de
283 3181 390 3220 rerum
411 3161 656 3242 permutatione.
697 3147 783 3220 th.
805 3151 839 3218 4.
871 3153 977 3231 Ι,Ρκιπι
1005 3162 1200 3225 sententiam

136 3265 273 3345 probat,
293 3262 350 3343 qui
375 3262 556 3340 contendit,
581 3261 720 3322 alienam
737 3279 809 3321 rem
824 3258 953 3320 dantem
967 3259 1094 3321 nullam
1114 3283 1200 3324 oon*

137 3365 267 3426 trahere
290 3365 533 3446 obligationem.
575 3359 613 3425 lu
631 3364 772 3445 negotiis
794 3370 883 3424 certe
914 3359 1200 3444 ejusmodi'prae-

139 3465 295 3526 sumtioni
317 3465 365 3540 da
389 3467 531 3528 auctoris
563 3465 708 3528 dominio
742 3463 843 3540 ¹locus
875 3461 948 3522 dari
981 3481 1052 3522 uon
1075 3473 1199 3542 potest.

138 3562 200 3627 Fae
221 3567 460 3645 permutatione
482 3565 623 3644 aliquem
642 3583 714 3624 rem
742 3565 781 3624 ab
802 3562 868 3622 alio
891 3560 1071 3641 accepisse,
1105 3585 1200 3627 eum·

139 3685 203 3748 que
226 3685 297 3726 rem
319 3666 381 3727 sibi
400 3666 551 3728 traditam
564 3666 602 3726 ab
628 3674 784 3724 extraneo
806 3681 998 3746 possessore
1019 3663 1198 3728 vindicare.

138 3768 227 3844 Quid
250 3769 278 3830 si
298 3788 474 3851 possessor
492 3767 628 3848 petitori
651 3767 791 3850 objiciat,
812 3785 883 3828 rem
906 3762 976 3846 ejus
997 3783 1067 3827 non
1088 3767 1199 3846 fuisse,

137 3872 193 3954 qui
214 3871 395 3936 transferre
416 3867 566 3932 voluerit
590 3867 795 3932 dominium?
856 3866 943 3928 Num
965 3865 1018 3927 Ill.
1043 3865 1199 3948 Turrani·

141 3981 275 4034 auctore
308 3993 381 4034 eum
413 3971 581 4034 dominum
615 3992 685 4034 esse
718 3969 866 4054 putabis,
910 3977 944 4029 et
970 3985 1198 4052 possessorem

141 4095 254 4156 coges,
273 4084 311 4135 ut
330 4075 529 4136 contrarium
553 4075 725 4136 ostendat?
752 4070 838 4133 Fieri
859 4067 919 4132 vix
940 4077 1060 4150 potest.
1090 4067 1199 4140 Quum

143 4177 228 4237 enim
248 4179 442 4258 permutatio
465 4177 501 4238 in
519 4178 617 4239 rebus
637 4185 763 4238 tantum
780 4171 1032 4256 permutantium
1052 4167 1199 4250 propriis

143 4277 280 4360 cogitari
298 4279 406 4362 possit
428 4287 460 4340 et
478 4279 513 4342 in
536 4278 648 4344 alienis
670 4275 764 4340 nulla
781 4275 839 4355 eit,
880 4295 899 4336 a
919 4269 1062 4354 petitore
1082 4285 1199 4332 necea<

485 4363 492 4374 .
952 4368 1007 4436 μ
