<?xml version="1.0" encoding="UTF-8"?>
<!DOCTYPE html PUBLIC "-//W3C//DTD XHTML 1.0 Transitional//EN"
    "http://www.w3.org/TR/xhtml1/DTD/xhtml1-transitional.dtd">
<html xmlns="http://www.w3.org/1999/xhtml" xml:lang="en" lang="en">
 <head>
  <title>
</title>
<meta http-equiv="Content-Type" content="text/html;charset=utf-8" />
  <meta name='ocr-system' content='tesseract 3.04.00' />
  <meta name='ocr-capabilities' content='ocr_page ocr_carea ocr_par ocr_line ocrx_word'/>
</head>
<body>
  <div class='ocr_page' id='page_1' title='image "./dedominiiprobat00heimgoog_0173.png"; bbox 0 0 2928 5068; ppageno 0'>
   <div class='ocr_carea' id='block_1_1' title="bbox 288 347 364 426">
    <p class='ocr_par' dir='ltr' id='par_1_1' title="bbox 288 347 364 426">
     <span class='ocr_line' id='line_1_1' title="bbox 288 347 364 426; baseline 0 0"><span class='ocrx_word' id='word_1_1' title='bbox 288 347 364 426; x_wconf 87' lang='grc'><strong>156</strong></span> 
     </span>
    </p>
   </div>
   <div class='ocr_carea' id='block_1_2' title="bbox 273 539 1349 2468">
    <p class='ocr_par' dir='ltr' id='par_1_2' title="bbox 273 539 1349 2468">
     <span class='ocr_line' id='line_1_2' title="bbox 284 539 1342 634; baseline -0.018 -18"><span class='ocrx_word' id='word_1_2' title='bbox 284 549 453 634; x_wconf 73' lang='lat' dir='ltr'><strong>negatoria</strong></span> <span class='ocrx_word' id='word_1_3' title='bbox 472 552 585 614; x_wconf 86' lang='lat' dir='ltr'><strong>utitur.</strong></span> <span class='ocrx_word' id='word_1_4' title='bbox 626 543 729 610; x_wconf 82' lang='lat' dir='ltr'><strong>steutt</strong></span> <span class='ocrx_word' id='word_1_5' title='bbox 758 545 843 612; x_wconf 84' lang='lat' dir='ltr'><strong>euim</strong></span> <span class='ocrx_word' id='word_1_6' title='bbox 863 543 1121 607; x_wconf 74' lang='lat' dir='ltr'><strong>usufructuariae</strong></span> <span class='ocrx_word' id='word_1_7' title='bbox 1148 539 1342 605; x_wconf 78' lang='lat' dir='ltr'><strong>aerritutem</strong></span> 
     </span>
     <span class='ocr_line' id='line_1_3' title="bbox 284 643 1345 726; baseline -0.015 -8"><span class='ocrx_word' id='word_1_8' title='bbox 284 652 388 718; x_wconf 82' lang='lat' dir='ltr'><strong>fundo</strong></span> <span class='ocrx_word' id='word_1_9' title='bbox 418 651 597 716; x_wconf 86' lang='lat' dir='ltr'><strong>fructuario</strong></span> <span class='ocrx_word' id='word_1_10' title='bbox 630 649 771 712; x_wconf 88' lang='lat' dir='ltr'><strong>debitam</strong></span> <span class='ocrx_word' id='word_1_11' title='bbox 804 646 973 717; x_wconf 79' lang='lat' dir='ltr'><strong>vindicare</strong></span> <span class='ocrx_word' id='word_1_12' title='bbox 1004 665 1072 707; x_wconf 90' lang='lat' dir='ltr'><strong>non</strong></span> <span class='ocrx_word' id='word_1_13' title='bbox 1100 643 1227 726; x_wconf 63' lang='lat' dir='ltr'><strong>pluent,</strong></span> <span class='ocrx_word' id='word_1_14' title='bbox 1269 643 1291 706; x_wconf 92' lang='lat' dir='ltr'><strong>i.</strong></span> <span class='ocrx_word' id='word_1_15' title='bbox 1315 663 1345 703; x_wconf 88' lang='lat' dir='ltr'><strong>e.</strong></span> 
     </span>
     <span class='ocr_line' id='line_1_4' title="bbox 284 744 1344 840; baseline -0.013 -22"><span class='ocrx_word' id='word_1_16' title='bbox 284 765 423 840; x_wconf 81' lang='lat' dir='ltr'><strong>propter</strong></span> <span class='ocrx_word' id='word_1_17' title='bbox 444 773 513 816; x_wconf 90' lang='lat' dir='ltr'><strong>eam</strong></span> <span class='ocrx_word' id='word_1_18' title='bbox 536 752 725 816; x_wconf 74' lang='lat' dir='ltr'><strong>servitutem</strong></span> <span class='ocrx_word' id='word_1_19' title='bbox 746 752 873 814; x_wconf 86' lang='lat' dir='ltr'><strong>actione</strong></span> <span class='ocrx_word' id='word_1_20' title='bbox 889 745 1092 811; x_wconf 76' lang='lat' dir='ltr'><strong>confessoria</strong></span> <span class='ocrx_word' id='word_1_21' title='bbox 1111 766 1179 806; x_wconf 88' lang='lat' dir='ltr'><strong>non</strong></span> <span class='ocrx_word' id='word_1_22' title='bbox 1199 746 1258 823; x_wconf 88' lang='lat' dir='ltr'><strong>uti,</strong></span> <span class='ocrx_word' id='word_1_23' title='bbox 1281 744 1344 807; x_wconf 84' lang='lat' dir='ltr'><strong>eed</strong></span> 
     </span>
     <span class='ocr_line' id='line_1_5' title="bbox 284 850 1341 938; baseline -0.007 -21"><span class='ocrx_word' id='word_1_24' title='bbox 284 857 520 918; x_wconf 75' lang='lat' dir='ltr'><strong>usumfructum</strong></span> <span class='ocrx_word' id='word_1_25' title='bbox 539 853 706 917; x_wconf 83' lang='lat' dir='ltr'><strong>vindicare</strong></span> <span class='ocrx_word' id='word_1_26' title='bbox 729 853 826 915; x_wconf 83' lang='lat' dir='ltr'><strong>debet</strong></span> <span class='ocrx_word' id='word_1_27' title='bbox 849 852 871 914; x_wconf 84' lang='lat' dir='ltr'><strong>i.</strong></span> <span class='ocrx_word' id='word_1_28' title='bbox 893 869 921 912; x_wconf 83' lang='lat' dir='ltr'><strong>e.</strong></span> <span class='ocrx_word' id='word_1_29' title='bbox 943 857 1056 932; x_wconf 89' lang='lat' dir='ltr'><strong>petere</strong></span> <span class='ocrx_word' id='word_1_30' title='bbox 1078 851 1117 912; x_wconf 84' lang='lat' dir='ltr'><strong>ab</strong></span> <span class='ocrx_word' id='word_1_31' title='bbox 1141 850 1265 938; x_wconf 85' lang='lat' dir='ltr'><strong>altero,</strong></span> <span class='ocrx_word' id='word_1_32' title='bbox 1303 859 1341 910; x_wconf 90' lang='lat' dir='ltr'><strong>ut</strong></span> 
     </span>
     <span class='ocr_line' id='line_1_6' title="bbox 284 950 1341 1037; baseline -0.011 -15"><span class='ocrx_word' id='word_1_33' title='bbox 284 957 519 1022; x_wconf 75' lang='lat' dir='ltr'><strong>usumfructum</strong></span> <span class='ocrx_word' id='word_1_34' title='bbox 549 954 666 1020; x_wconf 77' lang='lat' dir='ltr'><strong>actoris</strong></span> <span class='ocrx_word' id='word_1_35' title='bbox 699 963 867 1037; x_wconf 53' lang='lat' dir='ltr'><strong>agnoscat,</strong></span> <span class='ocrx_word' id='word_1_36' title='bbox 884 962 915 1015; x_wconf 88' lang='lat' dir='ltr'><strong>et</strong></span> <span class='ocrx_word' id='word_1_37' title='bbox 945 951 1155 1030; x_wconf 76' lang='lat' dir='ltr'><strong>confiteatur,</strong></span> <span class='ocrx_word' id='word_1_38' title='bbox 1195 950 1341 1032; x_wconf 76' lang='lat' dir='ltr'><strong>ilicoque</strong></span> 
     </span>
     <span class='ocr_line' id='line_1_7' title="bbox 286 1051 1340 1138; baseline -0.007 -18"><span class='ocrx_word' id='word_1_39' title='bbox 286 1079 359 1120; x_wconf 88' lang='lat' dir='ltr'><strong>eum</strong></span> <span class='ocrx_word' id='word_1_40' title='bbox 381 1059 540 1121; x_wconf 76' lang='lat' dir='ltr'><strong>servitute</strong></span> <span class='ocrx_word' id='word_1_41' title='bbox 560 1057 609 1119; x_wconf 85' lang='lat' dir='ltr'><strong>uti</strong></span> <span class='ocrx_word' id='word_1_42' title='bbox 633 1057 764 1138; x_wconf 78' lang='lat' dir='ltr'><strong>fruique</strong></span> <span class='ocrx_word' id='word_1_43' title='bbox 787 1054 929 1138; x_wconf 86' lang='lat' dir='ltr'><strong>patiatur</strong></span> <span class='ocrx_word' id='word_1_44' title='bbox 956 1058 997 1120; x_wconf 84' lang='lat' dir='ltr'><strong>L.</strong></span> <span class='ocrx_word' id='word_1_45' title='bbox 1021 1063 1050 1118; x_wconf 89' lang='lat'><strong>1.</strong></span> <span class='ocrx_word' id='word_1_46' title='bbox 1069 1051 1119 1136; x_wconf 68' lang='lat' dir='ltr'><strong>pi.</strong></span> <span class='ocrx_word' id='word_1_47' title='bbox 1139 1057 1180 1116; x_wconf 86' lang='lat' dir='ltr'><strong>L.</strong></span> <span class='ocrx_word' id='word_1_48' title='bbox 1195 1060 1233 1125; x_wconf 83' lang='grc'><strong>,5.</strong></span> <span class='ocrx_word' id='word_1_49' title='bbox 1262 1055 1288 1135; x_wconf 73' lang='lat' dir='ltr'><strong>I.</strong></span> <span class='ocrx_word' id='word_1_50' title='bbox 1312 1062 1340 1115; x_wconf 90' lang='lat' dir='ltr'><strong>t.</strong></span> 
     </span>
     <span class='ocr_line' id='line_1_8' title="bbox 283 1155 1342 1245; baseline -0.005 -22"><span class='ocrx_word' id='word_1_51' title='bbox 283 1164 329 1224; x_wconf 87' lang='lat' dir='ltr'><strong>D.</strong></span> <span class='ocrx_word' id='word_1_52' title='bbox 351 1165 383 1222; x_wconf 80' lang='grc' dir='ltr'><strong>εἰ</strong></span> <span class='ocrx_word' id='word_1_53' title='bbox 403 1161 605 1245; x_wconf 80' lang='lat' dir='ltr'><strong>ueucfruotua</strong></span> <span class='ocrx_word' id='word_1_54' title='bbox 620 1171 758 1242; x_wconf 77' lang='lat' dir='ltr'><strong>petetur.</strong></span> <span class='ocrx_word' id='word_1_55' title='bbox 787 1155 865 1220; x_wconf 74' lang='lat' dir='ltr'><strong>lIII.⁴</strong></span> <span class='ocrx_word' id='word_1_56' title='bbox 880 1164 908 1221; x_wconf 82' lang='lat'><strong>6.</strong></span> <span class='ocrx_word' id='word_1_57' title='bbox 937 1159 982 1221; x_wconf 87' lang='lat' dir='ltr'><strong>aio</strong></span> <span class='ocrx_word' id='word_1_58' title='bbox 1007 1159 1102 1220; x_wconf 84' lang='lat' dir='ltr'><strong>etiam</strong></span> <span class='ocrx_word' id='word_1_59' title='bbox 1127 1159 1254 1220; x_wconf 84' lang='lat' dir='ltr'><strong>actione</strong></span> <span class='ocrx_word' id='word_1_60' title='bbox 1275 1177 1342 1218; x_wconf 91' lang='lat' dir='ltr'><strong>ne·</strong></span> 
     </span>
     <span class='ocr_line' id='line_1_9' title="bbox 284 1247 1340 1346; baseline -0.004 -22"><span class='ocrx_word' id='word_1_61' title='bbox 284 1264 441 1346; x_wconf 87' lang='lat' dir='ltr'><strong>gatcriam</strong></span> <span class='ocrx_word' id='word_1_62' title='bbox 461 1262 633 1325; x_wconf 79' lang='lat' dir='ltr'><strong>instituere</strong></span> <span class='ocrx_word' id='word_1_63' title='bbox 657 1261 778 1324; x_wconf 86' lang='lat' dir='ltr'><strong>cinon</strong></span> <span class='ocrx_word' id='word_1_64' title='bbox 800 1257 888 1323; x_wconf 85' lang='lat' dir='ltr'><strong>lieet.</strong></span> <span class='ocrx_word' id='word_1_65' title='bbox 949 1260 1098 1338; x_wconf 82' lang='lat' dir='ltr'><strong>Accedit,</strong></span> <span class='ocrx_word' id='word_1_66' title='bbox 1140 1260 1229 1342; x_wconf 87' lang='lat' dir='ltr'><strong>quod</strong></span> <span class='ocrx_word' id='word_1_67' title='bbox 1251 1247 1340 1338; x_wconf 72' lang='lat' dir='ltr'><strong>reus,</strong></span> 
     </span>
     <span class='ocr_line' id='line_1_10' title="bbox 283 1361 1341 1449; baseline -0.006 -22"><span class='ocrx_word' id='word_1_68' title='bbox 283 1367 313 1428; x_wconf 86' lang='lat' dir='ltr'><strong>ai</strong></span> <span class='ocrx_word' id='word_1_69' title='bbox 336 1374 444 1449; x_wconf 85' lang='lat' dir='ltr'><strong>actor,</strong></span> <span class='ocrx_word' id='word_1_70' title='bbox 488 1365 543 1447; x_wconf 89' lang='lat' dir='ltr'><strong>qui</strong></span> <span class='ocrx_word' id='word_1_71' title='bbox 561 1365 689 1426; x_wconf 87' lang='lat' dir='ltr'><strong>actione</strong></span> <span class='ocrx_word' id='word_1_72' title='bbox 710 1363 879 1443; x_wconf 82' lang='lat' dir='ltr'><strong>negatoria</strong></span> <span class='ocrx_word' id='word_1_73' title='bbox 909 1363 1028 1442; x_wconf 85' lang='lat' dir='ltr'><strong>utitur,</strong></span> <span class='ocrx_word' id='word_1_74' title='bbox 1070 1363 1155 1426; x_wconf 87' lang='lat' dir='ltr'><strong>nihil</strong></span> <span class='ocrx_word' id='word_1_75' title='bbox 1177 1361 1240 1422; x_wconf 88' lang='lat' dir='ltr'><strong>uisi</strong></span> <span class='ocrx_word' id='word_1_76' title='bbox 1263 1361 1341 1422; x_wconf 87' lang='lat' dir='ltr'><strong>fru-</strong></span> 
     </span>
     <span class='ocr_line' id='line_1_11' title="bbox 283 1463 1342 1549; baseline -0.007 -20"><span class='ocrx_word' id='word_1_77' title='bbox 283 1480 394 1529; x_wconf 87' lang='lat' dir='ltr'><strong>ctuum</strong></span> <span class='ocrx_word' id='word_1_78' title='bbox 414 1466 659 1549; x_wconf 86' lang='lat' dir='ltr'><strong>perceptionem</strong></span> <span class='ocrx_word' id='word_1_79' title='bbox 689 1475 723 1526; x_wconf 92' lang='lat' dir='ltr'><strong>et</strong></span> <span class='ocrx_word' id='word_1_80' title='bbox 744 1484 880 1526; x_wconf 87' lang='lat' dir='ltr'><strong>onerum</strong></span> <span class='ocrx_word' id='word_1_81' title='bbox 904 1465 1113 1548; x_wconf 88' lang='lat' dir='ltr'><strong>publicorum</strong></span> <span class='ocrx_word' id='word_1_82' title='bbox 1139 1463 1342 1526; x_wconf 73' lang='lat' dir='ltr'><strong>solutionem</strong></span> 
     </span>
     <span class='ocr_line' id='line_1_12' title="bbox 283 1566 1342 1651; baseline -0.006 -21"><span class='ocrx_word' id='word_1_83' title='bbox 283 1569 459 1651; x_wconf 85' lang='lat' dir='ltr'><strong>probavit,</strong></span> <span class='ocrx_word' id='word_1_84' title='bbox 481 1587 612 1632; x_wconf 76' lang='lat' dir='ltr'><strong>securus</strong></span> <span class='ocrx_word' id='word_1_85' title='bbox 632 1589 701 1630; x_wconf 88' lang='lat' dir='ltr'><strong>nou</strong></span> <span class='ocrx_word' id='word_1_86' title='bbox 726 1577 791 1645; x_wconf 83' lang='lat' dir='ltr'><strong>eat,</strong></span> <span class='ocrx_word' id='word_1_87' title='bbox 823 1586 858 1626; x_wconf 87' lang='lat' dir='ltr'><strong>ae</strong></span> <span class='ocrx_word' id='word_1_88' title='bbox 878 1566 1073 1646; x_wconf 81' lang='lat' dir='ltr'><strong>servitutem</strong></span> <span class='ocrx_word' id='word_1_89' title='bbox 1092 1567 1191 1626; x_wconf 87' lang='lat' dir='ltr'><strong>semel</strong></span> <span class='ocrx_word' id='word_1_90' title='bbox 1213 1567 1342 1648; x_wconf 88' lang='lat' dir='ltr'><strong>proba-</strong></span> 
     </span>
     <span class='ocr_line' id='line_1_13' title="bbox 283 1666 1343 1758; baseline -0.001 -28"><span class='ocrx_word' id='word_1_91' title='bbox 283 1679 349 1730; x_wconf 84' lang='lat' dir='ltr'><strong>tem</strong></span> <span class='ocrx_word' id='word_1_92' title='bbox 373 1666 497 1758; x_wconf 81' lang='lat' dir='ltr'><strong>sibique</strong></span> <span class='ocrx_word' id='word_1_93' title='bbox 517 1668 732 1752; x_wconf 83' lang='lat' dir='ltr'><strong>adjudicatam</strong></span> <span class='ocrx_word' id='word_1_94' title='bbox 747 1670 919 1756; x_wconf 39' lang='lat' dir='ltr'><strong>,adversus</strong></span> <span class='ocrx_word' id='word_1_95' title='bbox 949 1669 1126 1750; x_wconf 82' lang='lat' dir='ltr'><strong>quemlibet</strong></span> <span class='ocrx_word' id='word_1_96' title='bbox 1148 1667 1244 1729; x_wconf 89' lang='lat' dir='ltr'><strong>fundi</strong></span> <span class='ocrx_word' id='word_1_97' title='bbox 1266 1689 1343 1738; x_wconf 79' lang='lat' dir='ltr'><strong>aer-</strong></span> 
     </span>
     <span class='ocr_line' id='line_1_14' title="bbox 281 1752 1345 1855; baseline -0.004 -20"><span class='ocrx_word' id='word_1_98' title='bbox 281 1772 402 1835; x_wconf 79' lang='lat' dir='ltr'><strong>viantis</strong></span> <span class='ocrx_word' id='word_1_99' title='bbox 423 1752 648 1855; x_wconf 63' lang='lat' dir='ltr'><strong>possessorem</strong></span> <span class='ocrx_word' id='word_1_100' title='bbox 669 1790 739 1834; x_wconf 77' lang='lat' dir='ltr'><strong>esee</strong></span> <span class='ocrx_word' id='word_1_101' title='bbox 762 1774 979 1837; x_wconf 89' lang='lat' dir='ltr'><strong>obtenturum.</strong></span> <span class='ocrx_word' id='word_1_102' title='bbox 1021 1769 1119 1844; x_wconf 87' lang='lat' dir='ltr'><strong>Quod</strong></span> <span class='ocrx_word' id='word_1_103' title='bbox 1135 1769 1264 1850; x_wconf 89' lang='lat' dir='ltr'><strong>quidem</strong></span> <span class='ocrx_word' id='word_1_104' title='bbox 1277 1791 1345 1831; x_wconf 90' lang='lat' dir='ltr'><strong>ne·</strong></span> 
     </span>
     <span class='ocr_line' id='line_1_15' title="bbox 273 1859 1345 1960; baseline 0 -27"><span class='ocrx_word' id='word_1_105' title='bbox 273 1894 359 1960; x_wconf 51' lang='lat' dir='ltr'><strong>&#39;gare</strong></span> <span class='ocrx_word' id='word_1_106' title='bbox 381 1892 477 1934; x_wconf 84' lang='lat' dir='ltr'><strong>nemo</strong></span> <span class='ocrx_word' id='word_1_107' title='bbox 498 1882 628 1956; x_wconf 82' lang='lat' dir='ltr'><strong>potest,</strong></span> <span class='ocrx_word' id='word_1_108' title='bbox 673 1894 742 1936; x_wconf 78' lang='lat' dir='ltr'><strong>care</strong></span> <span class='ocrx_word' id='word_1_109' title='bbox 771 1894 897 1937; x_wconf 81' lang='lat' dir='ltr'><strong>causam</strong></span> <span class='ocrx_word' id='word_1_110' title='bbox 925 1859 1160 1954; x_wconf 71' lang='lat' dir='ltr'><strong>gravissimam,</strong></span> <span class='ocrx_word' id='word_1_111' title='bbox 1204 1891 1246 1932; x_wconf 83' lang='lat' dir='ltr'><strong>ex</strong></span> <span class='ocrx_word' id='word_1_112' title='bbox 1276 1893 1345 1952; x_wconf 85' lang='lat' dir='ltr'><strong>qua</strong></span> 
     </span>
     <span class='ocr_line' id='line_1_16' title="bbox 282 1957 1343 2057; baseline 0 -21"><span class='ocrx_word' id='word_1_113' title='bbox 282 1975 386 2036; x_wconf 87' lang='lat' dir='ltr'><strong>actori</strong></span> <span class='ocrx_word' id='word_1_114' title='bbox 408 1975 560 2057; x_wconf 86' lang='lat' dir='ltr'><strong>probatio</strong></span> <span class='ocrx_word' id='word_1_115' title='bbox 585 1974 720 2038; x_wconf 81' lang='lat' dir='ltr'><strong>dominii</strong></span> <span class='ocrx_word' id='word_1_116' title='bbox 745 1978 780 2038; x_wconf 91' lang='lat' dir='ltr'><strong>in</strong></span> <span class='ocrx_word' id='word_1_117' title='bbox 800 1976 927 2037; x_wconf 86' lang='lat' dir='ltr'><strong>actione</strong></span> <span class='ocrx_word' id='word_1_118' title='bbox 947 1957 1128 2056; x_wconf 65' lang='lat' dir='ltr'><strong>negatoria</strong></span> <span class='ocrx_word' id='word_1_119' title='bbox 1140 1975 1343 2054; x_wconf 88' lang='lat' dir='ltr'><strong>imponatur.</strong></span> 
     </span>
     <span class='ocr_line' id='line_1_17' title="bbox 281 2075 1346 2160; baseline -0.002 -20"><span class='ocrx_word' id='word_1_120' title='bbox 281 2076 321 2142; x_wconf 86' lang='lat' dir='ltr'><strong>Iu</strong></span> <span class='ocrx_word' id='word_1_121' title='bbox 341 2076 438 2137; x_wconf 77' lang='lat' dir='ltr'><strong>rebus</strong></span> <span class='ocrx_word' id='word_1_122' title='bbox 463 2077 657 2158; x_wconf 74' lang='lat' dir='ltr'><strong>mobilibus,</strong></span> <span class='ocrx_word' id='word_1_123' title='bbox 677 2079 712 2139; x_wconf 89' lang='lat' dir='ltr'><strong>in</strong></span> <span class='ocrx_word' id='word_1_124' title='bbox 734 2077 850 2160; x_wconf 85' lang='lat' dir='ltr'><strong>quibua</strong></span> <span class='ocrx_word' id='word_1_125' title='bbox 874 2077 945 2159; x_wconf 86' lang='lat' dir='ltr'><strong>quia</strong></span> <span class='ocrx_word' id='word_1_126' title='bbox 968 2075 1159 2138; x_wconf 73' lang='lat' dir='ltr'><strong>servitutem</strong></span> <span class='ocrx_word' id='word_1_127' title='bbox 1178 2095 1346 2156; x_wconf 84' lang='lat' dir='ltr'><strong>persona-</strong></span> 
     </span>
     <span class='ocr_line' id='line_1_18' title="bbox 283 2177 1346 2264; baseline -0.001 -21"><span class='ocrx_word' id='word_1_128' title='bbox 283 2183 350 2244; x_wconf 88' lang='lat' dir='ltr'><strong>lem</strong></span> <span class='ocrx_word' id='word_1_129' title='bbox 370 2177 433 2238; x_wconf 86' lang='lat' dir='ltr'><strong>aibi</strong></span> <span class='ocrx_word' id='word_1_130' title='bbox 452 2178 584 2259; x_wconf 76' lang='lat' dir='ltr'><strong>asserit,</strong></span> <span class='ocrx_word' id='word_1_131' title='bbox 603 2181 673 2240; x_wconf 84' lang='lat' dir='ltr'><strong>cine</strong></span> <span class='ocrx_word' id='word_1_132' title='bbox 700 2179 799 2242; x_wconf 86' lang='lat' dir='ltr'><strong>dubio</strong></span> <span class='ocrx_word' id='word_1_133' title='bbox 820 2187 931 2258; x_wconf 85' lang='lat' dir='ltr'><strong>actor,</strong></span> <span class='ocrx_word' id='word_1_134' title='bbox 951 2179 1006 2262; x_wconf 89' lang='lat' dir='ltr'><strong>qui</strong></span> <span class='ocrx_word' id='word_1_135' title='bbox 1028 2178 1219 2239; x_wconf 78' lang='lat' dir='ltr'><strong>servitutem</strong></span> <span class='ocrx_word' id='word_1_136' title='bbox 1234 2192 1346 2264; x_wconf 84' lang='lat' dir='ltr'><strong>negat,</strong></span> 
     </span>
     <span class='ocr_line' id='line_1_19' title="bbox 281 2278 1349 2365; baseline 0.001 -22"><span class='ocrx_word' id='word_1_137' title='bbox 281 2281 367 2344; x_wconf 88' lang='lat' dir='ltr'><strong>nihil</strong></span> <span class='ocrx_word' id='word_1_138' title='bbox 400 2278 509 2363; x_wconf 84' lang='lat' dir='ltr'><strong>aliud,</strong></span> <span class='ocrx_word' id='word_1_139' title='bbox 531 2301 625 2364; x_wconf 85' lang='lat' dir='ltr'><strong>quam</strong></span> <span class='ocrx_word' id='word_1_140' title='bbox 646 2282 752 2343; x_wconf 85' lang='lat' dir='ltr'><strong>bonae</strong></span> <span class='ocrx_word' id='word_1_141' title='bbox 773 2280 852 2342; x_wconf 87' lang='lat' dir='ltr'><strong>fidei</strong></span> <span class='ocrx_word' id='word_1_142' title='bbox 872 2284 1113 2364; x_wconf 76' lang='lat' dir='ltr'><strong>possessionem</strong></span> <span class='ocrx_word' id='word_1_143' title='bbox 1135 2279 1233 2342; x_wconf 85' lang='lat' dir='ltr'><strong>debet</strong></span> <span class='ocrx_word' id='word_1_144' title='bbox 1258 2304 1349 2365; x_wconf 87' lang='lat' dir='ltr'><strong>pro-</strong></span> 
     </span>
     <span class='ocr_line' id='line_1_20' title="bbox 281 2382 1348 2468; baseline 0.003 -24"><span class='ocrx_word' id='word_1_145' title='bbox 281 2383 381 2462; x_wconf 86' lang='lat' dir='ltr'><strong>bare,</strong></span> <span class='ocrx_word' id='word_1_146' title='bbox 424 2383 519 2444; x_wconf 76' lang='lat' dir='ltr'><strong>sicuti</strong></span> <span class='ocrx_word' id='word_1_147' title='bbox 555 2402 597 2444; x_wconf 83' lang='lat' dir='ltr'><strong>ex</strong></span> <span class='ocrx_word' id='word_1_148' title='bbox 630 2384 780 2466; x_wconf 84' lang='lat' dir='ltr'><strong>exemplo</strong></span> <span class='ocrx_word' id='word_1_149' title='bbox 819 2382 953 2446; x_wconf 77' lang='lat' dir='ltr'><strong>aetionis</strong></span> <span class='ocrx_word' id='word_1_150' title='bbox 987 2384 1173 2464; x_wconf 82' lang='lat' dir='ltr'><strong>negatoriae</strong></span> <span class='ocrx_word' id='word_1_151' title='bbox 1200 2395 1348 2468; x_wconf 86' lang='lat' dir='ltr'><strong>propter</strong></span> 
     </span>
    </p>
   </div>
   <div class='ocr_carea' id='block_1_3' title="bbox 182 2483 1080 2570">
    <p class='ocr_par' dir='ltr' id='par_1_3' title="bbox 182 2483 1080 2570">
     <span class='ocr_line' id='line_1_21' title="bbox 182 2483 1080 2570; baseline 0.003 -23"><span class='ocrx_word' id='word_1_152' title='bbox 182 2483 185 2488; x_wconf 54' lang='lat'><strong>⁴</strong></span> <span class='ocrx_word' id='word_1_153' title='bbox 282 2483 406 2548; x_wconf 73' lang='lat' dir='ltr'><strong>fundos</strong></span> <span class='ocrx_word' id='word_1_154' title='bbox 431 2484 596 2548; x_wconf 71' lang='lat' dir='ltr'><strong>institutae</strong></span> <span class='ocrx_word' id='word_1_155' title='bbox 623 2485 796 2548; x_wconf 86' lang='lat' dir='ltr'><strong>commode</strong></span> <span class='ocrx_word' id='word_1_156' title='bbox 825 2485 939 2570; x_wconf 80' lang='lat' dir='ltr'><strong>colligi</strong></span> <span class='ocrx_word' id='word_1_157' title='bbox 960 2493 1080 2566; x_wconf 72' lang='lat' dir='ltr'><strong>potest</strong></span> 
     </span>
    </p>
   </div>
   <div class='ocr_carea' id='block_1_4' title="bbox 670 2689 881 2814">
    <p class='ocr_par' dir='ltr' id='par_1_4' title="bbox 670 2689 881 2814">
     <span class='ocr_line' id='line_1_22' title="bbox 670 2689 881 2814; baseline -0.038 -2"><span class='ocrx_word' id='word_1_158' title='bbox 670 2689 672 2696; x_wconf 77' lang='grc'><strong>’</strong></span> <span class='ocrx_word' id='word_1_159' title='bbox 757 2725 804 2814; x_wconf 78' lang='lat' dir='ltr'><strong>c,</strong></span> <span class='ocrx_word' id='word_1_160' title='bbox 831 2725 881 2804; x_wconf 80' lang='lat'><strong>2..</strong></span> 
     </span>
    </p>
   </div>
   <div class='ocr_carea' id='block_1_5' title="bbox 217 2877 1455 3571">
    <p class='ocr_par' dir='ltr' id='par_1_5' title="bbox 217 2877 1455 3571">
     <span class='ocr_line' id='line_1_23' title="bbox 368 2877 1348 2964; baseline 0.003 -23"><span class='ocrx_word' id='word_1_161' title='bbox 368 2877 469 2953; x_wconf 80' lang='lat' dir='ltr'><strong>Quot</strong></span> <span class='ocrx_word' id='word_1_162' title='bbox 495 2878 531 2942; x_wconf 89' lang='lat' dir='ltr'><strong>in</strong></span> <span class='ocrx_word' id='word_1_163' title='bbox 558 2877 687 2942; x_wconf 88' lang='lat' dir='ltr'><strong>actione</strong></span> <span class='ocrx_word' id='word_1_164' title='bbox 715 2881 884 2964; x_wconf 77' lang='lat' dir='ltr'><strong>negatoria</strong></span> <span class='ocrx_word' id='word_1_165' title='bbox 907 2881 954 2943; x_wconf 84' lang='lat' dir='ltr'><strong>de</strong></span> <span class='ocrx_word' id='word_1_166' title='bbox 980 2877 1177 2962; x_wconf 84' lang='lat' dir='ltr'><strong>probatione</strong></span> <span class='ocrx_word' id='word_1_167' title='bbox 1204 2879 1348 2944; x_wconf 84' lang='lat' dir='ltr'><strong>‹lominii</strong></span> 
     </span>
     <span class='ocr_line' id='line_1_24' title="bbox 284 2981 1349 3063; baseline 0.003 -21"><span class='ocrx_word' id='word_1_168' title='bbox 284 2981 496 3042; x_wconf 87' lang='lat' dir='ltr'><strong>constitutum</strong></span> <span class='ocrx_word' id='word_1_169' title='bbox 519 2991 584 3063; x_wconf 81' lang='lat' dir='ltr'><strong>est,</strong></span> <span class='ocrx_word' id='word_1_170' title='bbox 620 3001 690 3043; x_wconf 87' lang='lat' dir='ltr'><strong>nou</strong></span> <span class='ocrx_word' id='word_1_171' title='bbox 713 2985 819 3046; x_wconf 86' lang='lat' dir='ltr'><strong>minua</strong></span> <span class='ocrx_word' id='word_1_172' title='bbox 843 2986 877 3046; x_wconf 89' lang='lat' dir='ltr'><strong>iu</strong></span> <span class='ocrx_word' id='word_1_173' title='bbox 906 2983 1033 3044; x_wconf 87' lang='lat' dir='ltr'><strong>actione</strong></span> <span class='ocrx_word' id='word_1_174' title='bbox 1056 2981 1259 3043; x_wconf 68' lang='lat' dir='ltr'><strong>consensoria</strong></span> <span class='ocrx_word' id='word_1_175' title='bbox 1280 3003 1349 3045; x_wconf 80' lang='lat' dir='ltr'><strong>va-</strong></span> 
     </span>
     <span class='ocr_line' id='line_1_25' title="bbox 283 3081 1348 3166; baseline 0.006 -25"><span class='ocrx_word' id='word_1_176' title='bbox 283 3085 355 3152; x_wconf 85' lang='lat' dir='ltr'><strong>lere</strong></span> <span class='ocrx_word' id='word_1_177' title='bbox 378 3081 492 3159; x_wconf 81' lang='lat' dir='ltr'><strong>debet,</strong></span> <span class='ocrx_word' id='word_1_178' title='bbox 537 3085 612 3165; x_wconf 87' lang='lat' dir='ltr'><strong>quia</strong></span> <span class='ocrx_word' id='word_1_179' title='bbox 629 3084 665 3145; x_wconf 88' lang='lat' dir='ltr'><strong>in</strong></span> <span class='ocrx_word' id='word_1_180' title='bbox 686 3086 900 3149; x_wconf 69' lang='lat' dir='ltr'><strong>servitutibus</strong></span> <span class='ocrx_word' id='word_1_181' title='bbox 923 3083 1064 3147; x_wconf 85' lang='lat' dir='ltr'><strong>realibus</strong></span> <span class='ocrx_word' id='word_1_182' title='bbox 1096 3093 1184 3146; x_wconf 87' lang='lat' dir='ltr'><strong>certe</strong></span> <span class='ocrx_word' id='word_1_183' title='bbox 1204 3095 1348 3166; x_wconf 86' lang='lat' dir='ltr'><strong>utraque</strong></span> 
     </span>
     <span class='ocr_line' id='line_1_26' title="bbox 217 3182 1348 3268; baseline 0.005 -26"><span class='ocrx_word' id='word_1_184' title='bbox 217 3230 221 3242; x_wconf 87' lang='grc'><strong><em>,</em></strong></span> <span class='ocrx_word' id='word_1_185' title='bbox 286 3182 368 3243; x_wconf 88' lang='lat' dir='ltr'><strong>actio</strong></span> <span class='ocrx_word' id='word_1_186' title='bbox 390 3192 522 3262; x_wconf 87' lang='lat' dir='ltr'><strong>praeter</strong></span> <span class='ocrx_word' id='word_1_187' title='bbox 542 3185 709 3247; x_wconf 80' lang='lat' dir='ltr'><strong>(lominum</strong></span> <span class='ocrx_word' id='word_1_188' title='bbox 736 3187 831 3248; x_wconf 83' lang='lat' dir='ltr'><strong>fundi</strong></span> <span class='ocrx_word' id='word_1_189' title='bbox 855 3187 1009 3268; x_wconf 89' lang='lat' dir='ltr'><strong>competit</strong></span> <span class='ocrx_word' id='word_1_190' title='bbox 1032 3186 1154 3247; x_wconf 86' lang='lat' dir='ltr'><strong>nemini</strong></span> <span class='ocrx_word' id='word_1_191' title='bbox 1178 3207 1220 3249; x_wconf 83' lang='lat' dir='ltr'><strong>cx</strong></span> <span class='ocrx_word' id='word_1_192' title='bbox 1248 3189 1288 3250; x_wconf 89' lang='lat' dir='ltr'><strong>L.</strong></span> <span class='ocrx_word' id='word_1_193' title='bbox 1313 3197 1348 3252; x_wconf 84' lang='lat'><strong>2.</strong></span> 
     </span>
     <span class='ocr_line' id='line_1_27' title="bbox 279 3285 1455 3373; baseline 0.006 -27"><span class='ocrx_word' id='word_1_194' title='bbox 279 3307 333 3368; x_wconf 83' lang='lat' dir='ltr'><strong>pr.</strong></span> <span class='ocrx_word' id='word_1_195' title='bbox 361 3285 385 3366; x_wconf 70' lang='lat' dir='ltr'><strong>I.</strong></span> <span class='ocrx_word' id='word_1_196' title='bbox 411 3291 440 3348; x_wconf 81' lang='lat'><strong>¹.</strong></span> <span class='ocrx_word' id='word_1_197' title='bbox 467 3285 513 3345; x_wconf 88' lang='lat' dir='ltr'><strong>D.</strong></span> <span class='ocrx_word' id='word_1_198' title='bbox 536 3288 567 3344; x_wconf 79' lang='lat' dir='ltr'><strong>ri</strong></span> <span class='ocrx_word' id='word_1_199' title='bbox 586 3291 721 3349; x_wconf 72' lang='lat' dir='ltr'><strong>amvitua</strong></span> <span class='ocrx_word' id='word_1_200' title='bbox 753 3289 940 3370; x_wconf 71' lang='lat' dir='ltr'><strong>vindicetur.</strong></span> <span class='ocrx_word' id='word_1_201' title='bbox 974 3286 1109 3353; x_wconf 81' lang='lat' dir='ltr'><strong>·vt11.5.</strong></span> <span class='ocrx_word' id='word_1_202' title='bbox 1153 3289 1219 3351; x_wconf 79' lang='lat' dir='ltr'><strong>Sed</strong></span> <span class='ocrx_word' id='word_1_203' title='bbox 1243 3311 1349 3373; x_wconf 83' lang='lat' dir='ltr'><strong>quum</strong></span> <span class='ocrx_word' id='word_1_204' title='bbox 1454 3325 1455 3364; x_wconf 60' lang='lat'>3</span> 
     </span>
     <span class='ocr_line' id='line_1_28' title="bbox 283 3379 1455 3476; baseline 0.004 -24"><span class='ocrx_word' id='word_1_205' title='bbox 283 3391 319 3452; x_wconf 91' lang='lat' dir='ltr'><strong>in</strong></span> <span class='ocrx_word' id='word_1_206' title='bbox 343 3387 471 3450; x_wconf 83' lang='lat' dir='ltr'><strong>actione</strong></span> <span class='ocrx_word' id='word_1_207' title='bbox 491 3392 658 3470; x_wconf 77' lang='lat' dir='ltr'><strong>negatoria</strong></span> <span class='ocrx_word' id='word_1_208' title='bbox 672 3391 794 3476; x_wconf 78' lang='lat' dir='ltr'><strong>justum</strong></span> <span class='ocrx_word' id='word_1_209' title='bbox 815 3392 1186 3476; x_wconf 73' lang='lat' dir='ltr'><strong>titulumacquisitionia</strong></span> <span class='ocrx_word' id='word_1_210' title='bbox 1209 3395 1352 3475; x_wconf 81' lang='lat' dir='ltr'><strong>probari</strong></span> <span class='ocrx_word' id='word_1_211' title='bbox 1454 3379 1455 3390; x_wconf 11' lang='grc' dir='ltr'>ἵ</span> 
     </span>
     <span class='ocr_line' id='line_1_29' title="bbox 285 3490 1348 3571; baseline 0.006 -18"><span class='ocrx_word' id='word_1_212' title='bbox 285 3491 435 3571; x_wconf 78' lang='lat' dir='ltr'><strong>sufficiat,</strong></span> <span class='ocrx_word' id='word_1_213' title='bbox 463 3490 550 3552; x_wconf 86' lang='lat' dir='ltr'><strong>idem</strong></span> <span class='ocrx_word' id='word_1_214' title='bbox 574 3493 610 3554; x_wconf 89' lang='lat' dir='ltr'><strong>in</strong></span> <span class='ocrx_word' id='word_1_215' title='bbox 633 3496 834 3557; x_wconf 82' lang='lat' dir='ltr'><strong>confessoria</strong></span> <span class='ocrx_word' id='word_1_216' title='bbox 856 3495 986 3558; x_wconf 74' lang='lat' dir='ltr'><strong>ostendi</strong></span> <span class='ocrx_word' id='word_1_217' title='bbox 1007 3494 1083 3556; x_wconf 78' lang='lat' dir='ltr'><strong>sotis</strong></span> <span class='ocrx_word' id='word_1_218' title='bbox 1109 3496 1180 3558; x_wconf 86' lang='lat' dir='ltr'><strong>erit.</strong></span> <span class='ocrx_word' id='word_1_219' title='bbox 1229 3497 1348 3559; x_wconf 71' lang='lat' dir='ltr'><strong>Attis</strong></span> 
     </span>
    </p>
   </div>
   <div class='ocr_carea' id='block_1_6' title="bbox 284 3591 1455 3778">
    <p class='ocr_par' dir='ltr' id='par_1_6' title="bbox 284 3591 1455 3778">
     <span class='ocr_line' id='line_1_30' title="bbox 286 3591 1455 3675; baseline 0.008 -21"><span class='ocrx_word' id='word_1_220' title='bbox 286 3604 411 3675; x_wconf 82' lang='lat' dir='ltr'><strong>autem,</strong></span> <span class='ocrx_word' id='word_1_221' title='bbox 452 3594 508 3675; x_wconf 86' lang='lat' dir='ltr'><strong>qui</strong></span> <span class='ocrx_word' id='word_1_222' title='bbox 535 3591 643 3655; x_wconf 79' lang='lat' dir='ltr'><strong>alieno</strong></span> <span class='ocrx_word' id='word_1_223' title='bbox 672 3597 804 3658; x_wconf 87' lang='lat' dir='ltr'><strong>nomine</strong></span> <span class='ocrx_word' id='word_1_224' title='bbox 839 3599 1057 3662; x_wconf 72' lang='lat' dir='ltr'><strong>servitutibus·</strong></span> <span class='ocrx_word' id='word_1_225' title='bbox 1075 3591 1183 3660; x_wconf 48' lang='lat' dir='ltr'><strong>*fundo</strong></span> <span class='ocrx_word' id='word_1_226' title='bbox 1226 3597 1349 3662; x_wconf 82' lang='lat' dir='ltr'><strong>debitia</strong></span> <span class='ocrx_word' id='word_1_227' title='bbox 1454 3627 1455 3646; x_wconf 55' lang='lat'>¹</span> 
     </span>
     <span class='ocr_line' id='line_1_31' title="bbox 284 3693 1455 3778; baseline 0.008 -23"><span class='ocrx_word' id='word_1_228' title='bbox 284 3703 440 3774; x_wconf 88' lang='lat' dir='ltr'><strong>utuntur,</strong></span> <span class='ocrx_word' id='word_1_229' title='bbox 463 3695 570 3757; x_wconf 78' lang='lat' dir='ltr'><strong>veluti</strong></span> <span class='ocrx_word' id='word_1_230' title='bbox 591 3696 915 3778; x_wconf 80' lang='lat' dir='ltr'><strong>ab&#39;usufructuario,</strong></span> <span class='ocrx_word' id='word_1_231' title='bbox 944 3701 1075 3762; x_wconf 84' lang='lat' dir='ltr'><strong>usuario</strong></span> <span class='ocrx_word' id='word_1_232' title='bbox 1098 3702 1227 3778; x_wconf 84' lang='lat' dir='ltr'><strong>aliisve,</strong></span> <span class='ocrx_word' id='word_1_233' title='bbox 1257 3701 1347 3763; x_wconf 85' lang='lat' dir='ltr'><strong>actio</strong></span> <span class='ocrx_word' id='word_1_234' title='bbox 1454 3693 1455 3750; x_wconf 70' lang='lat' dir='ltr'>I</span> 
     </span>
    </p>
   </div>
   <div class='ocr_carea' id='block_1_7' title="bbox 286 3794 1455 4188">
    <p class='ocr_par' dir='ltr' id='par_1_7' title="bbox 286 3794 1455 4188">
     <span class='ocr_line' id='line_1_32' title="bbox 287 3794 1350 3884; baseline 0.007 -25"><span class='ocrx_word' id='word_1_235' title='bbox 287 3795 491 3859; x_wconf 73' lang='lat' dir='ltr'><strong>confessor-ia</strong></span> <span class='ocrx_word' id='word_1_236' title='bbox 512 3817 582 3858; x_wconf 87' lang='lat' dir='ltr'><strong>non</strong></span> <span class='ocrx_word' id='word_1_237' title='bbox 606 3817 716 3860; x_wconf 85' lang='lat' dir='ltr'><strong>earum</strong></span> <span class='ocrx_word' id='word_1_238' title='bbox 732 3794 936 3865; x_wconf 72' lang='lat' dir='ltr'><strong>&#39;servitutum</strong></span> <span class='ocrx_word' id='word_1_239' title='bbox 960 3824 1054 3865; x_wconf 81' lang='lat' dir='ltr'><strong>causa</strong></span> <span class='ocrx_word' id='word_1_240' title='bbox 1077 3803 1203 3865; x_wconf 89' lang='lat' dir='ltr'><strong>institui</strong></span> <span class='ocrx_word' id='word_1_241' title='bbox 1229 3813 1350 3884; x_wconf 79' lang='lat' dir='ltr'><strong>potest</strong></span> 
     </span>
     <span class='ocr_line' id='line_1_33' title="bbox 287 3895 1345 3983; baseline 0.01 -27"><span class='ocrx_word' id='word_1_242' title='bbox 287 3896 610 3962; x_wconf 78' lang='lat' dir='ltr'><strong>adversua·viciuum</strong></span> <span class='ocrx_word' id='word_1_243' title='bbox 632 3902 822 3964; x_wconf 87' lang='lat' dir='ltr'><strong>exercitium</strong></span> <span class='ocrx_word' id='word_1_244' title='bbox 844 3895 1044 3983; x_wconf 67' lang='lat' dir='ltr'><strong>turbantem</strong></span> <span class='ocrx_word' id='word_1_245' title='bbox 1066 3908 1130 3968; x_wconf 93' lang='lat' dir='ltr'><strong>imo</strong></span> <span class='ocrx_word' id='word_1_246' title='bbox 1145 3909 1184 3967; x_wconf 85' lang='lat' dir='ltr'><strong>ab</strong></span> <span class='ocrx_word' id='word_1_247' title='bbox 1201 3906 1240 3966; x_wconf 82' lang='lat' dir='ltr'><strong>iis</strong></span> <span class='ocrx_word' id='word_1_248' title='bbox 1257 3908 1345 3967; x_wconf 85' lang='lat' dir='ltr'><strong>actio</strong></span> 
     </span>
     <span class='ocr_line' id='line_1_34' title="bbox 286 3997 1347 4084; baseline 0.008 -25"><span class='ocrx_word' id='word_1_249' title='bbox 286 3997 491 4062; x_wconf 78' lang='lat' dir='ltr'><strong>confessoria</strong></span> <span class='ocrx_word' id='word_1_250' title='bbox 510 4011 650 4084; x_wconf 90' lang='lat' dir='ltr'><strong>propter</strong></span> <span class='ocrx_word' id='word_1_251' title='bbox 668 4007 906 4068; x_wconf 86' lang='lat' dir='ltr'><strong>uaumfructum</strong></span> <span class='ocrx_word' id='word_1_252' title='bbox 925 4009 982 4070; x_wconf 84' lang='lat' dir='ltr'><strong>vel</strong></span> <span class='ocrx_word' id='word_1_253' title='bbox 1001 4029 1095 4070; x_wconf 88' lang='lat' dir='ltr'><strong>usum</strong></span> <span class='ocrx_word' id='word_1_254' title='bbox 1122 4018 1238 4070; x_wconf 87' lang='lat' dir='ltr'><strong>contra</strong></span> <span class='ocrx_word' id='word_1_255' title='bbox 1255 4008 1347 4070; x_wconf 81' lang='lat' dir='ltr'><strong>vici-</strong></span> 
     </span>
     <span class='ocr_line' id='line_1_35' title="bbox 287 4101 1455 4188; baseline 0.01 -24"><span class='ocrx_word' id='word_1_256' title='bbox 287 4121 366 4166; x_wconf 86' lang='lat' dir='ltr'><strong>num</strong></span> <span class='ocrx_word' id='word_1_257' title='bbox 384 4101 582 4168; x_wconf 76' lang='lat' dir='ltr'><strong>instituenda</strong></span> <span class='ocrx_word' id='word_1_258' title='bbox 605 4115 728 4188; x_wconf 53' lang='lat' dir='ltr'><strong>cenot</strong></span> <span class='ocrx_word' id='word_1_259' title='bbox 740 4107 800 4172; x_wconf 87' lang='lat' dir='ltr'><strong>ille</strong></span> <span class='ocrx_word' id='word_1_260' title='bbox 818 4109 1054 4182; x_wconf 71' lang='lat' dir='ltr'><strong>usumfructum</strong></span> <span class='ocrx_word' id='word_1_261' title='bbox 1067 4113 1124 4175; x_wconf 80' lang='lat' dir='ltr'><strong>vel</strong></span> <span class='ocrx_word' id='word_1_262' title='bbox 1140 4133 1233 4175; x_wconf 78' lang='lat' dir='ltr'><strong>usum</strong></span> <span class='ocrx_word' id='word_1_263' title='bbox 1248 4119 1348 4173; x_wconf 86' lang='lat' dir='ltr'><strong>acto·</strong></span> <span class='ocrx_word' id='word_1_264' title='bbox 1454 4157 1455 4176; x_wconf 42' lang='lat'>1</span> 
     </span>
    </p>
   </div>
   <div class='ocr_carea' id='block_1_8' title="bbox 0 0 1468 5061">
    <p class='ocr_par' dir='ltr' id='par_1_8' title="bbox 0 0 1468 5061">
     <span class='ocr_line' id='line_1_36' title="bbox 0 0 1468 5061; baseline 0 0"><span class='ocrx_word' id='word_1_265' title='bbox 0 0 1468 5061; x_wconf 95' lang='lat' dir='ltr'><strong> </strong></span> 
     </span>
    </p>
   </div>
  </div>
 </body>
</html>
