2960 5064
327 267 458 408 34Ι

326 539 472 618 quaestio
499 539 541 601 de
566 539 713 616 dominio
744 547 914 632 nutusque
942 547 1126 635 litigatoris.
1191 555 1263 631 Qus
1287 555 1328 620 ira
1360 579 1407 623 re

324 661 346 700 a
366 641 416 702 rei
438 641 660 707 vindicatione
680 648 859 712 recentiori
882 651 981 734 louge
1002 655 1126 736 differt,
1157 657 1196 721 in
1218 679 1282 740 qua
1299 661 1404 740 peti-

324 750 381 802 tor
403 749 545 822 tantum,
581 765 642 808 neo
665 769 748 811 vero
769 771 944 834 possessor
964 753 1146 824 dominium
1166 761 1217 823 rei
1237 761 1301 823 sibi
1326 763 1402 824 tri·
1461 835 1462 848 χ

324 842 411 920 buit,
432 841 498 905 imo
523 843 593 926 bic,
612 851 830 930 possessionis
855 855 1033 919 commodis
1054 858 1168 943 nixus,
1190 863 1299 945 quiete
1329 885 1405 926 ex·
1461 865 1462 938 i

322 951 446 1024 pectat,
481 943 562 1026 quid
585 959 678 1012 ector
697 956 896 1034 probaturus
919 956 971 1020 sit.
1016 957 1053 1022 ln
1078 957 1306 1030 vindicatione
1331 988 1402 1028 au·
1461 949 1462 1000 l

321 1052 390 1105 tem
420 1047 551 1128 antiqua
583 1053 813 1133 privationem
847 1057 985 1124 dominii
1026 1082 1095 1129 eam
1129 1067 1250 1152 fuisse,
1292 1090 1399 1152 quam

322 1145 376 1206 Ill.
407 1145 563 1213 ‘reantur
606 1155 844 1240 suscipiendam
881 1181 953 1223 esse
987 1165 1179 1249 arbitratur,
1228 1172 1290 1236 vix
1325 1171 1396 1234 erit

323 1247 508 1332 quisquam,
544 1255 602 1332 qui
625 1255 687 1316 sibi
706 1259 911 1340 persuadeat.
955 1263 1100 1352 Uterque
1125 1274 1211 1338 euim
1240 1275 1395 1354 litigator

320 1368 419 1428 quum
442 1352 494 1411 rei
518 1351 697 1420 dominium
719 1361 783 1423 sibi
804 1363 987 1429 vindicaret
1015 1379 1048 1431 et
1074 1371 1205 1438 titulum
1232 1376 1394 1440 modum·

321 1471 385 1530 que
408 1453 597 1534 acquirendi
616 1477 785 1540 exponere
808 1463 961 1548 deberet,
995 1471 1092 1554 quid,
1127 1497 1266 1559 quaeso,
1301 1499 1390 1560 pro-

323 1551 417 1613 deret
443 1553 665 1634 ucquisitionis
695 1561 768 1625 sola
799 1568 955 1649 probatio
992 1576 1032 1637 ab
1068 1586 1211 1660 utroque
1242 1591 1389 1665 peracta,

290 1647 292 1656 ’
323 1671 423 1732 quum
450 1675 538 1726 nuuc
563 1660 733 1744 utriusque
764 1677 879 1730 auctor
911 1691 954 1734 ex
975 1667 1030 1738 Ill.
1051 1675 1207 1744 anusur
1233 1705 1297 1767 pro
1321 1683 1387 1745 do-

320 1759 410 1814 mino
446 1753 614 1822 habendus
644 1767 753 1830 esset?
777 1825 779 1828 .
815 1771 947 1834 Scilicet
974 1777 1058 1840 nihil
1085 1779 1176 1844 aliud
1205 1796 1386 1868 supererat,

321 1873 417 1934 quam
438 1866 475 1917 ut
495 1861 627 1940 petitor'
640 1873 858 1954 possessoris,
899 1886 932 1938 et
960 1877 1015 1942 hio
1040 1884 1193 1966 petitoris
1214 1900 1386 1951 auctorem

318 1975 388 2016 non
411 1957 513 2020 fuisse
538 1961 707 2030 domiuum
728 1977 927 2044 ostenderet.
969 1979 1069 2068 Atqui
1083 1991 1287 2072 caprob'atio
1307 1989 1385 2076 jure

319 2057 453 2139 antiquo
481 2060 581 2146 longe
611 2068 675 2132 init
713 2073 894 2158 difficilior,
941 2105 1037 2167 quam
1067 2105 1150 2170 quae
1180 2111 1224 2156 ex
1252 2093 1385 2174 vulgari

317 2160 479 2226 sententia
499 2163 690 2252 imponitur.
733 2175 820 2241 Num
843 2201 920 2264 ergo
951 2185 1202 2256 existimandum
1227 2205 1292 2279 est,
1325 2197 1383 2258 fa·

242 2323 247 2334 ¹
315 2267 428 2322 turam
456 2263 577 2351 fusse,
617 2285 655 2336 ut
681 2285 820 2362 uterque
849 2282 996 2368 litigator
1024 2293 1257 2372 probationem
1286 2300 1381 2365 istam

313 2357 534 2430 difficiliorem
556 2373 712 2458 eligeret,
740 2401 841 2462 quum
865 2388 1003 2453 alteram
1032 2393 1189 2462 facillime
1218 2406 1380 2486 perficere

312 2473 445 2543 posset,
486 2472 588 2536 modo
618 2482 809 2565 probasset,
851 2499 1017 2556 auctorem
1042 2517 1137 2580 suum
1163 2523 1235 2566 rem
1259 2527 1381 2570 usuca·

311 2560 426 2640 pisse?
467 2568 567 2644 Quod
586 2597 661 2641 cum
682 2585 774 2648 credi
802 2588 862 2650 vix
879 2596 1008 2676 possit,
1052 2620 1120 2662 non
1147 2603 1269 2690 injuria
1294 2631 1378 2673 cou-

310 2663 450 2729 tendere
468 2676 565 2740 nobis
587 2680 682 2762 lieet,
722 2686 799 2769 jure
825 2694 958 2776 antiquo
991 2699 1170 2768 dominium
1197 2720 1377 2792 auctorum,

309 2763 376 2826 nisi
395 2787 468 2834 rem
488 2773 648 2846 alteruter
667 2786 814 2870 litigator
833 2800 1051 2883 usuoepisset,
1086 2807 1126 2867 ab
1147 2811 1293 2893 petitore
1313 2837 1376 2898 pe·

307 2864 390 2929 riter
412 2882 508 2955 atque
530 2900 549 2942 a
568 2904 762 2965 possessore
782 2901 920 2978 probari
942 2905 1135 2972 nouaclum
1155 2917 1375 3002 consuevisse,

307 2981 424 3035 verum
452 2979 548 3046 etiam
579 2984 756 3069 debuisset.

780 3185 814 3271 a
857 3189 890 3256 a.

387 3277 638 3376 Argumentum,
661 3321 728 3382 quo
749 3303 836 3371 illud
859 3313 1089 3401 confirmetur,
1106 3301 1200 3388 lsaud
1219 3337 1372 3391 contem-n

301 3380 446 3447 nendum
469 3408 512 3452 ex
536 3392 652 3464 indole
672 3403 773 3488 legati
787 3412 1016 3482 vindicationis
1032 3426 1132 3489 modo
1156 3429 1267 3493 relicti
1281 3431 1369 3498 haud

301 3481 383 3559 ⁸050,
405 3508 447 3552 an
467 3499 574 3576 repeti
595 3523 694 3584 posse
715 3511 880 3586 videatur.
942 3523 1141 3593 Auctoribus
1163 3532 1250 3597 enim
1279 3535 1365 3596 Gara

299 3581 379 3645 last.
405 3591 520 3660 Conana.
542 3603 587 3664 II.
611 3605 635 3686 l.
661 3619 734 3678 196.
760 3629 793 3680 et
813 3618 964 3686 Uarrauo
987 3632 1119 3718 bbngm.
1144 3637 1209 3700 Tit.
1228 3639 1364 3703 XXIV·

297 3679 322 3760 ᾧ.
347 3691 377 3747 7.
393 3727 394 3730 =
410 3713 463 3756 eas
495 3706 621 3770 tautum
649 3734 703 3778 res
728 3740 791 3801 per
818 3725 1074 3796 vindicationem
1095 3738 1224 3800 licebat
1251 3737 1361 3823 legari,

296 3802 378 3863 quae
402 3806 435 3857 et
453 3819 553 3879 quum
573 3815 800 3885 testamentum
821 3828 1037 3914 conderetur,
1068 3849 1103 3902 et
1127 3861 1226 3925 quum
1248 3864 1361 3906 more-

295 3897 389 3955 retur
412 3907 565 3988 testator,
601 3915 671 3998 ejus
692 3941 735 3984 ex
754 3925 831 4008 jure
855 3930 1032 4004 Quiritium
1048 3942 1189 4006 fuerant.
1234 3945 1360 4029 Aqui·
1461 3933 1462 4006 l

295 3986 355 4052 bus
377 4001 569 4072 eximendae
589 4031 665 4083 sunt
686 4045 740 4088 res
765 4031 931 4114 pondere,
967 4035 1105 4106 numero
1131 4046 1188 4110 vel
1206 4068 1356 4112 mensura
1461 4057 1462 4140 i

292 4086 422 4163 definiri
444 4107 580 4194 solitae,
616 4143 714 4206 quae,
753 4133 798 4212 si,
834 4154 899 4219 quo
922 4147 1072 4224 tempore
1101 4159 1250 4213 mortuus
1274 4159 1355 4214 esset

289 4197 443 4308 testator,
479 4211 611 4286 fuerant
643 4228 677 4290 iu
705 4231 776 4316 ejus
796 4243 1015 4326 proprietate,
1060 4249 1171 4318 valide
1204 4253 1353 4317 vindica·

129 4317 153 4358 e
