2960 5064
280 401 322 447 Vl

276 576 435 656 certiora
458 573 700 680 proferantur.
751 575 831 678 Ego
857 598 944 650 vero
969 571 1090 672 hunc,
1136 601 1247 679 quem
1270 576 1330 682 ju-

275 765 376 843 dicic
415 763 567 872 publico
605 789 705 841 nunc
742 735 919 861 submisi,
968 762 1140 840 libellum
1176 791 1252 840 non
1284 791 1328 842 ec

216 927 217 930 Ἴ
275 955 408 1059 scripsi
434 927 608 1040 consilio,
638 967 680 1028 ut
703 951 788 1046 Viri
811 951 913 1028 illius
939 950 1174 1032 celeberrimi
1196 978 1331 1058 provo-

273 1143 412 1220 'cationi
449 1141 707 1220 satisfacerem.
770 1139 826 1218 ¹ld
869 1141 970 1219 enim
997 1169 1187 1246 nunquam
1217 1169 1242 1222 a
1272 1169 1334 1220 me

275 1333 474 1436 impetrare
505 1332 724 1436 potuissem,
772 1343 818 1407 ut
859 1330 908 1407 ad
940 1357 1000 1407 ma
1034 1333 1333 1437 provocationem
1370 1290 1373 1297 Ι

276 1521 387 1597 istam
411 1521 595 1625 pertinere
620 1519 893 1619 existimarem,
932 1523 1040 1624 quasi
1063 1549 1123 1598 me
1148 1521 1248 1599 Viris
1272 1521 1332 1626 ju-

274 1709 327 1786 ris
352 1709 584 1814 peritissimis
609 1707 845 1786 adnumerari
868 1709 1015 1794 vellem.
1067 1710 1142 1786 Sed
1166 1709 1215 1785 ad
1239 1711 1332 1786 scri-
1368 1732 1378 1746 ‘

128 1894 133 1899 ’
275 1895 440 1974 bendum
472 1923 533 1976 mc
570 1899 720 2003 impulit
752 1900 997 2001 quaestionis,
1047 1898 1093 1975 de
1128 1925 1202 2002 qua
1236 1898 1334 1975 inter

272 2085 506 2166 doctissimos
529 2088 633 2168 ICtos
657 2104 736 2167 tam
760 2087 894 2165 acriter
913 2087 1205 2192 disceptabatur,
1245 2111 1332 2188 gra-

164 2273 169 2283 '
273 2275 371 2354 uitas
398 2300 442 2354 ac
467 2303 570 2383 spes,
610 2305 723 2382 quam
746 2275 848 2372 iovi,
888 2277 993 2374 fore,
1032 2289 1094 2375 ut,
1130 2275 1229 2352 etsi
1250 2275 1347 2376 quis.

274 2463 337 2539 rel
360 2463 558 2542 minimum
582 2462 631 2542 ad
655 2491 738 2543 eam
761 2421 1020 2544 illustrandam
1045 2465 1229 2562 attulerit,
1275 2479 1333 2540 ta·-

275 2679 362 2732 men
386 2680 461 2729 non
485 2667 638 2760 prorsus
663 2656 836 2733 inutilem
859 2655 1027 2734 laborem
1050 2591 1251 2758 suscepisse
1275 2681 1334 2729 vr-

273 2842 416 2922 deatur.
468 2843 566 2922 Novi
591 2845 770 2948 quiddam
797 2872 916 2948 nequa
947 2845 1052 2921 volui
1083 2871 1203 2946 neque
1228 2843 1353 2947 potui

275 3031 453 3133 proferre,
479 3013 579 3136 quia,
606 2995 698 3138 quid
715 3038 883 3120 acumine
909 3061 953 3112 ae
976 3035 1204 3158 divinatioue
1224 2971 1333 3135 prae-

276 3221 367 3308 stari
390 3235 534 3323 posset,
574 3222 651 3324 jam
674 3224 736 3298 Ill.
764 3222 947 3298 Tmasur
977 3225 1002 3299 l.
1030 3223 1055 3300 Ζ.
1082 3236 1120 3304 ct
1146 3224 1199 3298 cl.
1225 3221 1335 3295 Hau*

273 3429 395 3484 sclua
431 3410 474 3484 in
510 3411 639 3486 ecdem
670 3411 766 3487 libro
804 3412 889 3492 Vols
915 3415 983 3487 IX.
1017 3437 1106 3514 pag.
1131 3409 1219 3489 316.
1254 3433 1334 3504 cqc.

276 3597 473 3730 perfecisse
497 3599 593 3678 mibi
616 3539 849 3680 videbantur.
902 3603 946 3678 ln
977 3627 1020 3679 eo
1053 3603 1177 3706 potius
1210 3597 1333 3674 elabo-

277 3787 381 3883 ravi,
413 3800 457 3865 ut
480 3791 698 3900 sententiam
722 3791 768 3868 de
792 3789 985 3897 probando
1011 3787 1175 3867 dominio
1200 3787 1336 3890 vulga-

207 4093 212 4098 ,
252 3999 376 4074 rem,
420 4002 515 4081 quac
540 4005 563 4055 a
588 3979 860 4060 Glossatoribus
884 3979 960 4084 jam
986 3978 1112 4082 agnita
1137 3993 1174 4054 ct
1198 3977 1248 4054 ab
1274 3999 1336 4051 ec¹

279 4190 366 4266 rum
388 4163 477 4246 inde
503 4186 620 4249 aetate
646 4173 694 4249 ad
719 4182 887 4248 nostram
913 4178 1029 4274 usque
1054 4167 1274 4247 memoriam
1294 4165 1335 4240 in
