2960 5064
244 425 247 434 ·
291 375 316 446 2

338 573 478 654 Quidam
497 569 625 644 dieunt,
660 567 852 628 uenditorem
878 587 977 628 nuum
1001 571 1166 649 praesumi
1193 566 1359 628 dominum
1464 593 1465 630 l

336 689 367 738 et
386 698 442 758 per·
463 692 647 754 consequens
665 691 730 745 me,
759 681 789 732 st
809 672 857 730 sic
878 669 1006 746 dicunt,
1039 692 1087 732 me
1115 672 1228 754 eligere
1247 668 1360 730 debere

337 783 385 842 rei
405 777 648 838 vindicationem
668 776 830 835 directam.
846 805 891 822 -
926 770 990 834 Sed
1009 795 1063 835 nos
1084 788 1202 836 contra.

295 898 405 980 Longe
433 895 551 956 clarius
576 904 684 956 tamen
706 893 934 956 Glossatornm
963 893 1126 955 dissensus
1157 914 1199 955 ex
1221 892 1260 954 iis
1281 889 1362 952 elu-

248 995 250 1002 ’
297 1011 363 1080 cet,
386 1017 467 1083 quae
489 997 534 1094 in-
548 995 664 1059 Glossn
682 995 725 1074 ab
740 997 781 1057 L.
799 994 892 1062 120.
907 993 947 1056 de
958 995 1208 1078 probationibus.
1235 994 1290 1056 IV.
1307 997 1363 1058 19.

296 1105 468 1188 leguntur:

340 1228 420 1288 Item
437 1222 518 1282 dixit
533 1220 585 1280 bic
597 1221 634 1280 P.
652 1217 736 1302 qnod
751 1221 833 1282 eatis
848 1229 896 1280 est
915 1217 962 1282 nd
978 1216 1110 1278 dominii
1132 1217 1362 1300 probationem,

336 1327 471 1414 probare
489 1322 567 1382 baec
589 1323 672 1402 tria,
694 1326 858 1386 emtionem
872 1335 902 1382 et
929 1343 1052 1384 uacuae
1068 1324 1271 1402 possessionis
1293 1332 1364 1380 tra-

340 1435 488 1494 ditionem
514 1435 544 1486 et
562 1429 699 1507 pretium
723 1428 871 1490 solutum.
927 1424 1020 1506 Quod
1038 1446 1101 1486 non
1118 1425 1245 1505 placet,
1281 1423 1363 1504 quia

336 1531 445 1616 potuit'
464 1551 544 1605 erse,
565 1528 650 1611 quod
669 1530 812 1589 uenditor
835 1551 899 1590 non
912 1531 988 1611 fuit
1010 1528 1174 1608 dominus,
1204 1526 1286 1586 unde
1299 1545 1364 1585 em-

342 1650 393 1698 tor
416 1656 478 1694 non
490 1633 538 1708 fit
559 1633 713 1696 dominus.
762 1631 889 1712 Oportet
911 1653 985 1715 ergo
1002 1631 1155 1712 probare,
1189 1630 1274 1712 quod
1289 1651 1365 1689 ven-

343 1740 428 1800 ditor
442 1736 550 1815 fuerit
572 1734 732 1816 domium,
775 1747 811 1795 ut
833 1735 873 1794 L.
900 1739 952 1798 15.
976 1733 1002 1814 §0
1028 1741 1057 1796 1.
1096 1735 1141 1793 D.
1170 1733 1208 1793 de
1232 1735 1361 1815 pignor-

342 1847 382 1908 L.
399 1846 449 1903 12.
467 1838 491 1919 §-
507 1842 537 1902 5.
559 1837 604 1898 D.
627 1838 665 1897 de
681 1837 883 1902 Publiciana.
907 1838 1001 1919 Quod
1008 1846 1111 1918 potest
1119 1837 1263 1916 probari,
1287 1838 1365 1916 quin

339 1945 456 2028 probat
480 1963 550 2001 eum
570 1943 623 2002 uei
642 1944 832 2023 ueuccpisee‚
852 1943 905 2003 vsi
925 1941 1139 2024 epecpicasse,
1157 1939 1209 2000 vei
1223 1939 1297 2000 abiis
1314 1941 1364 1998 si-

345 2049 473 2110 milibus
496 2043 605 2107 modis.
939 2030 941 2040 ¹

300 2187 395 2252 Unde
407 2181 618 2264 intelligitur,
636 2183 703 2265 jum
724 2183 812 2244 inter
832 2184 1040 2248 Glossetoren
1059 2185 1161 2246 inisse
1185 2181 1279 2260 alios,
1300 2181 1366 2264 qui,
1470 2171 1471 2184 ¹

301 2280 332 2358 si
356 2289 481 2374 petitor
509 2304 580 2346 rem
601 2294 741 2368 propter
760 2284 940 2360 dominium
964 2286 1034 2369 ejus
1061 2285 1097 2346 in
1117 2301 1152 2346 se
1174 2283 1368 2346 translatum

299 2391 508 2464 vindicasset,
526 2385 667 2467 probato
683 2385 781 2446 titulo
802 2388 953 2450 uomodo
970 2387 1199 2470 acquisitionis,
1214 2385 1372 2466 auctoris,
1471 2455 1472 2464 χ

301 2496 361 2580 qui
390 2512 460 2554 rem
489 2489 525 2550 in
550 2486 727 2568 petitorem
756 2489 939 2566 transtulit,
986 2488 1166 2549 dominium
1196 2487 1368 2568 praesumi,

304 2597 406 2672 ulios,
426 2589 482 2674 qui
501 2588 692 2672 hujusmodi
713 2591 957 2671 praesumtione
976 2609 1046 2650 non
1069 2589 1215 2650 contenti
1233 2588 1370 2670 probari

303 2697 392 2761 illud
416 2696 454 2757 ab
477 2690 587 2755 actore
617 2691 737 2753 debere
766 2691 1016 2774 arbitrarentur,
1073 2687 1140 2751 lCti
1168 2691 1370 2752 recentiores

257 2795 262 2810 ’
303 2799 404 2862 modo
427 2797 463 2858 in
486 2795 585 2872 hanc,
628 2793 727 2854 modo
751 2793 786 2853 in
806 2792 897 2855 illam
920 2793 1148 2856 Glossntorum
1178 2793 1369 2854 sententium

304 2901 443 2985 pedibus
467 2899 616 2972 iverunt,
638 2913 699 2956 nec
718 2907 819 2972 vero,
842 2917 900 2958 cur
921 2897 1112 2960 alterutram
1133 2894 1276 2978 amplexi
1293 2895 1371 2956 sue·

303 3001 387 3078 rint,
423 2997 640 3061 reddiderunt
662 2995 815 3060 rationes.
859 3000 973 3062 Altera
993 3009 1099 3060 tamen
1120 2995 1295 3074 sententia,
1327 3011 1372 3056 ex

306 3121 370 3183 qua
391 3100 515 3180 petitor
534 3099 677 3179 probare
706 3102 849 3163 auctoris
880 3101 1060 3188 ‹lominium
1086 3099 1231 3178 cogitur,
1272 3097 1372 3180 longe

305 3203 419 3286 plnres
436 3220 473 3260 ac
497 3197 697 3259 celebriores
720 3199 848 3262 invenit
861 3211 1020 3263 auctores.
1064 3199 1164 3274 Quod
1178 3219 1237 3260 eur
1250 3199 1373 3260 sactum

304 3303 365 3382 sit,
407 3299 528 3362 idonea
553 3299 637 3361 ratio
666 3301 809 3380 reperiri
836 3321 903 3364 non
926 3303 1045 3384 potuit.
1107 3299 1245 3362 Multum
1265 3301 1373 3364 valuit

292 3389 536 3464 'Glossatorum
558 3401 866 3484 auctoritas310nge
887 3411 991 3464 tamen
1010 3403 1169 3486 majorem
1190 3401 1259 3464 vim
1281 3425 1372 3466 non-

305 3507 392 3568 nulli
414 3505 571 3590 Corporis
593 3503 679 3566 Juris
705 3503 773 3564 loci
795 3505 950 3568 videntur
975 3505 1143 3583 habuisse,
1187 3524 1228 3566 ex
1255 3505 1373 3587 quibus

306 3609 489 3686 colligitur,
518 3607 696 3669 dominium
717 3618 849 3690 praeter
873 3610 1040 3671 dominum
1063 3608 1241 3670 transferre
1260 3606 1296 3666 in
1320 3607 1374 3668 al-

306 3713 412 3766 terum
433 3725 534 3788 posse
554 3709 728 3778 neminem.
790 3714 842 3772 Ab
863 3712 1012 3774 omnibus
1036 3710 1072 3776 hi
1098 3710 1163 3770 duo
1195 3708 1264 3773 looi
1285 3709 1371 3771 alle-

305 3816 441 3888 gantur:

394 3933 424 3989 1.
467 3930 508 3990 L.
526 3929 578 3993 ⁵4.
600 3931 645 3992 D.
670 3931 709 3992 de
730 3931 866 3994 diuersis.
882 3933 1123 4015 reguleethtris.
1144 3932 1185 3992 Is.
1203 3935 1255 3994 17;
1299 3928 1371 3992 Un·

227 4065 233 4074 ·
345 4047 464 4090 uranus
486 4027 585 4092 Libro
601 4034 642 4094 46
665 4034 707 4094 ad
723 4031 881 4100 Edictum.

347 4151 491 4314 hagiemo
504 4151 579 4230 plus
586 4157 675 4232 juris
690 4153 736 4214 ad
749 4149 852 4216 alium
865 4153 1039 4236 transferre
1057 4169 1169 4238 poteri,
1190 4174 1287 4237 quam
1300 4154 1369 4235 ipse

411 4265 484 4313 eret.
739 4259 741 4264 “
1286 4271 1290 4286 ’
