2960 5064
1129 379 1178 456 15

125 617 127 622 ·
170 588 250 650 Cum
270 607 362 670 super
379 580 496 672 ‘vernis'
521 584 687 664 mancipiis
716 583 807 647 uuila
837 587 1044 646 instrumento
1070 598 1101 648 ts
1124 587 1183 651 ba-

168 691 239 752 bere
260 710 437 770 asseveres,
483 684 674 767 injudicio,
715 692 748 746 in
775 710 834 770 qno
854 693 1012 768 negotium
1040 704 1183 772 coeptum

121 787 126 796 ⁶
168 815 232 856 esse
248 796 453 876 proponitur,
486 792 537 870 id,
563 788 650 873 quod
668 794 704 850 in
714 845 718 854 ,
722 812 850 870 precem
870 793 1031 851 contulisti
1038 840 1047 872 ,
1072 808 1182 874 postu·
1285 857 1287 866 ,

167 901 236 961 lare
256 897 406 958 debuisti.
447 896 545 955 Iudex
566 896 649 954 enim
681 915 743 954 non
765 897 909 977 ignorat,
944 915 1104 956 seruorum
1130 901 1184 960 do-
1277 905 1281 912 ’

166 1005 267 1064 minin
304 1003 400 1060 etiam
425 1002 507 1062 citro
540 1000 817 1058 instrumentorum
856 996 1075 1060 exhibitionem
1107 1003 1183 1064 aliis

159 1102 401 1190 probationibus
423 1103 476 1162 vei
499 1104 638 1183 ipsorum
662 1101 906 1182 interrogatione
931 1121 1023 1182 posse
1053 1105 1183 1168 ostendi.

123 1242 239 1304 Altera
258 1241 314 1301 lex
334 1237 464 1300 laudata
485 1238 565 1300 haec
587 1236 704 1299 hebete
737 1234 748 1267 ⁸

169 1375 295 1442 Indicio
317 1389 426 1452 certo,
446 1397 528 1459 quoe
538 1380 617 1454 jure
635 1397 701 1436 non
723 1388 931 1458 respuuntur,
951 1399 1013 1438 non
1037 1383 1185 1444 minorem

162 1481 380 1566 probotionis,
414 1501 512 1562 quom
537 1483 762 1559 instrumento,
786 1482 943 1541 continent
956 1480 1070 1564 fldem.
1114 1487 1184 1564 Quo

162 1591 250 1670 jure,
279 1586 368 1644 ..side
386 1578 584 1664 proprietate
607 1583 717 1642 domus
741 1584 877 1666 ambigis
900 1587 1119 1669 negotiumque
1139 1592 1187 1652 in·

166 1704 291 1772 tegrum
312 1701 376 1766 est,
407 1691 456 1746 uti
479 1707 541 1748 nou
559 1685 747 1768 prohiberis.

121 1832 180 1894 His
202 1826 286 1889 locis
312 1827 352 1886 ab
371 1821 655 1884 Unrnnnonznnso
682 1823 821 1887 laudatis
849 1823 1016 1887 addendae
1042 1839 1116 1890 sunt
1144 1831 1186 1895 L.

124 1945 156 2001 8.
174 1917 207 1995 it
230 1935 281 1992 12.
308 1929 342 1988 O.
366 1927 406 1987 de
416 1925 490 2001 fide
510 1929 792 1989 instrumentorum.
829 1927 882 1995 lv.
899 1935 954 1996 21.
993 1929 1105 1992 Altero
1129 1953 1190 1993 re-

126 2037 250 2117 scripto
279 2029 378 2089 iidem
406 2026 622 2109 Imperatores
652 2029 785 2090 domino
813 2031 1023 2114 proprietatis
1050 2044 1191 2113 propter

123 2137 242 2200 amissa
268 2132 498 2205 instrumenta,
541 2131 657 2209 quibus
685 2132 823 2214 probari
861 2131 1040 2192 dominium
1073 2132 1202 2214 possit,'

124 2239 256 2302 nullum
276 2232 515 2316 praejudicium
544 2252 564 2292 e
589 2232 769 2294 iruotuario
796 2233 1004 2294 inferendum
1032 2251 1103 2294 esse
1133 2255 1194 2295 re.-

126 2339 309 2426 spondent:
339 2336 443 2398 altero
467 2331 661 2414 significent,
683 2335 740 2416 qni
761 2335 912 2396 inductus
937 2334 1032 2396 sitin
1054 2355 1191 2397 vacuam

124 2441 253 2527 praedii
273 2437 531 2522 possessionem,
556 2455 628 2497 enm
650 2438 799 2499 obtinere
812 2453 920 2520 ‘posse
941 2439 1193 2518 possessionem,

126 2546 206 2606 lieet
229 2543 270 2604 de
292 2541 378 2602 facto
407 2540 542 2602 traditae
560 2559 684 2601 vacuas
703 2539 922 2620 possessionis
942 2539 1197 2601 instrumentum

127 2646 259 2709 nullum
288 2643 509 2723 conscriptum
536 2643 588 2703 sit.
654 2638 755 2713 Quod
783 2641 923 2722 denique
956 2641 1011 2701 Iit.
1036 2637 1064 2699 T
1066 2659 1193 2700 ursino

130 2747 257 2825 legibus
282 2765 302 2804 a
320 2763 355 2803 se
374 2742 515 2802 taunasis
540 2744 581 2804 de
606 2765 669 2823 eo,
712 2743 804 2824 quod
836 2741 1105 2822 adprobandum
1129 2742 1196 2801 do-

131 2846 266 2910 minium
287 2842 487 2922 requiretur,
511 2845 561 2922 agi
582 2845 774 2918 arbitratur,
795 2841 946 2922 quoniam
968 2841 1066 2901 titulo
1092 2842 1195 2903 Codi-

129 2952 176 3012 cis
198 2948 237 3009 de
253 2943 490 3028 probationibus
513 2943 655 3002 insertae
677 2943 901 3024 reperiantur,
938 2941 975 3001 id
996 2941 1039 3002 ed
1063 2947 1198 3002 senten-

127 3055 206 3116 eam
230 3049 299 3132 ejus
320 3045 582 3128 probabiliorem
607 3021 810 3104 massueti
835 3043 902 3104 vim
929 3041 1051 3104 nabere
1072 3043 1197 3104 sunam

127 3161 250 3240 potest.
292 3149 377 3210 Nam
392 3141 541 3228 probatio
568 3165 637 3208 non
656 3146 765 3206 solnm
787 3145 837 3224 id,
879 3143 970 3228 quod
990 3143 1198 3227 probandum

130 3266 189 3330 est,
210 3252 378 3316 meter-ism
399 3249 564 3331 probandi
586 3250 668 3323 sive,
698 3249 790 3330 quod
812 3249 914 3330 vulgo
939 3247 1068 3322 dicitur,
1089 3245 1199 3305 thema

129 3354 345 3444 probandum,
367 3369 484 3412 veruna
507 3352 602 3412 etism
624 3351 731 3411 media
750 3350 923 3432 probandi,
946 3359 984 3410 ut
1006 3348 1072 3410 hos
1091 3347 1198 3408 verbo

131 3471 222 3534 uter,
261 3453 426 3534 signifieat
467 3452 562 3514 Unde
592 3452 707 3513 titulus
732 3437 772 3514 de
788 3452 1029 3534 probutiouibus
1054 3449 1090 3508 in
1110 3445 1198 3506 Pan·

134 3558 236 3620 dentis
257 3553 395 3635 perinde
425 3553 583 3632 etque'in
606 3552 728 3611 Codice
758 3553 800 3611 de
828 3551 944 3612 mediis
973 3549 1137 3632 probandi
1163 3547 1199 3607 in

134 3677 253 3744 genere
281 3653 361 3736 egit,
404 3653 495 3734 quod
516 3671 559 3712 ex
588 3651 693 3712 titulis
716 3651 756 3712 de
785 3653 915 3714 testibus
940 3663 973 3714 et
995 3651 1035 3713 de
1054 3651 1128 3730 fide
1152 3654 1200 3710 in-

133 3771 375 3827 strumentorum
390 3757 486 3818 illam
511 3749 721 3836 sequentibus
743 3756 850 3838 probe
870 3755 1074 3837 intelligitur.
1102 3751 1133 3817 Ε,
1141 3752 1199 3819 lo-v

134 3867 180 3928 ais
199 3881 307 3945 peene
323 3856 630 3935 innumerabilibus,
652 3855 710 3916 ubi
730 3859 979 3940 probationibus
995 3853 1103 3917 media
1115 3868 1201 3933 pro-¹

135 3965 235 4028 bandi
257 3962 470 4036 denotentur,
506 3957 642 4019 laudare
668 3956 826 4020 duntaxat
856 3959 959 4020 lubet.
1003 3960 1046 4018 L.
1068 3955 1120 4019 24.
1145 3961 1199 4018 2⁵.

132 4089 183 4150 pr.
205 4065 231 4148 b
257 4067 287 4126 4.
311 4065 357 4123 D.
379 4062 418 4122 cie
436 4061 684 4143 probationibus.
711 4060 812 4122 XXII.
835 4065 865 4124 ³.
898 4063 939 4122 L.
965 4068 995 4124 1.
1019 4067 1051 4122 t.
1077 4065 1128 4120 11.
1163 4057 1206 4143 0.Ι

137 4169 259 4246 deficis
279 4172 561 4228 instrumeruorum.
592 4163 646 4227 IV.
662 4170 717 4228 21.
742 4166 784 4225 L.
807 4167 838 4230 5.
873 4163 907 4228 0.
930 4163 970 4226 cie
987 4163 1209 4247 pignoratitia¹

138 4276 266 4334 aenne
288 4266 343 4334 lv.
356 4268 409 4332 2⁴.
1192 4243 1196 4258 '
