2960 5064
1170 423 1194 503 3

169 637 172 642 ’
220 637 254 694 2.’
295 631 336 692 L.
364 635 418 692 20.
453 649 505 710 pr.
538 624 582 689 D.
618 625 657 688 dc
692 626 883 710 acquirendo
920 649 1024 690 rerum
1050 619 1196 698 donatio.

173 733 254 797 XLI.
274 741 303 797 1.
347 730 516 806 Uarianae
539 729 638 792 Libro
661 721 712 794 29.
733 730 775 792 ad
797 730 959 792 Sabinum.
1168 719 1174 730 ’

220 836 369 900 ttadtrto
392 833 475 896 niati
494 835 629 916 amplius
651 831 825 914 transferre
853 828 943 894 debet
963 837 1016 898 acl
1030 846 1132 918 potest
1152 833 1199 896 ad

129 938 141 1012 ἶ
177 945 265 1021 eum,
287 942 343 1025 qui
365 941 500 1020 accipit,
522 959 619 1022 quam
640 949 686 997 est
708 935 798 1018 apud
818 960 905 1019 eam,
927 943 985 1021 qai
1005 938 1116 1001 tradit.
1162 939 1198 1000 Si

175 1046 280 1127 igitar
310 1045 380 1127 quie
408 1042 581 1102 dominium
613 1045 648 1100 in
667 1038 776 1120 fando
805 1041 933 1116 habuit,
973 1043 1011 1104 id
1043 1042 1198 1104 trudanda

176 1147 348 1229 transfert:
389 1146 420 1206 ei
439 1167 503 1208 aaa
523 1144 647 1225 habuit,
689 1144 735 1206 ad
756 1153 836 1218 eum,
872 1149 927 1230 qui
947 1150 1075 1230 accipit,
1117 1147 1199 1209 nita

177 1249 344 1334 tranasert.
559 1327 562 1336 y

135 1351 291 1425 Quamvis
312 1361 452 1435 praeter*
465 1353 561 1416 locos
583 1351 733 1416 laudatos
756 1373 825 1416 non
847 1352 953 1416 desint
975 1355 1032 1417 alii
1054 1353 1201 1438 ejusdem

136 1455 331 1534 argumenti,
351 1455 388 1517 hi
401 1465 510 1517 tamen
524 1455 559 1516 in
579 1455 692 1537 primis
714 1455 826 1532 fuere,
848 1476 988 1538 quorum
1010 1457 1202 1520 auctoritate

132 1555 214 1615 moti
226 1556 378 1637 plerique
396 1556 437 1616 ad
449 1565 594 1618 nostram
608 1577 712 1638 usqne
730 1567 866 1618 aetatem
886 1559 1060 1641 apetitore
1077 1561 1205 1640 proba-

132 1655 258 1717 tionem
281 1657 417 1719 dominii
431 1657 572 1719 auctoris
590 1671 778 1737 exegerunt.
823 1657 892 1721 Jam
914 1681 996 1722 vero
1011 1661 1109 1744 hujus
1124 1681 1205 1724 sen-

132 1758 254 1818 tentiae
281 1759 428 1820 fautores
456 1761 554 1821 tantis
585 1758 825 1846 difficultatibus
856 1761 951 1846 istam
972 1762 1206 1843 implicuerunt

52 1911 59 1924 ,
133 1860 382 1940 probationem,
424 1871 463 1922 ut
483 1861 674 1942 Pragmatici
695 1859 872 1924 Luaron
905 1873 1072 1924 auctorem
1100 1863 1205 1927 secuti

134 1959 329 2022 diabolicam
348 1963 515 2046 appellare
532 1979 605 2025 non¹
627 1965 836 2042 erubescente
859 1983 941 2044 quae
964 1965 1141 2044 appellatio
1163 1963 1206 2026 ad

135 2058 335 2123 hodiernum
355 2083 460 2143 usque
481 2065 567 2126 diem
587 2065 624 2126 in
643 2065 721 2156 ipro
740 2065 770 2125 ei
784 2065 911 2130 mansit.
952 2063 995 2124 Αἱ
1016 2065 1096 2126 istae
1119 2065 1206 2124 diffi-

136 2161 273 2223 cultates
294 2165 501 2245 potissimum
524 2165 715 2242 effecerant,
737 2178 774 2229 ut
792 2188 862 2229 non
881 2165 1073 2240 deficerent,
1093 2165 1149 2248 qui
1164 2163 1208 2226 ad

137 2283 191 2324 eas
219 2266 387 2329 evitandas
416 2273 566 2351 aequum'
584 2289 655 2330 esse
686 2269 925 2346 existimarent,
964 2277 1003 2328 ut
1021 2269 1164 2348 probato
1187 2287 1207 2329 a

136 2363 280 2446 petitore
305 2369 403 2430 titulo
435 2391 472 2430 ac
499 2371 600 2460 quo
632 2351 821 2449 acqairendi
852 2368 994 2430 auctoris
1026 2367 1207 2444 dominium

135 2481 410 2548 praesumeretur.
468 2451 571 2552 bajus
601 2471 763 2551 aequioris
796 2472 975 2531 sententiae
1005 2471 1210 2554 defensores,

137 2567 216 2629 licet
243 2569 304 2630 hac
330 2571 536 2653 potissimum
569 2571 698 2632 ratione
729 2571 907 2632 dominium
939 2571 1035 2630 facile
1070 2569 1209 2652 probari

137 2690 237 2748 posse
261 2673 477 2752 crediderint,
505 2673 541 2733 in
563 2691 602 2733 eo
626 2663 736 2731 tamen
759 2691 830 2731 non
850 2679 1102 2746 consenserunt,
1130 2668 1211 2750 quid

142 2777 176 2828 et
197 2789 262 2849 quo
283 2767 382 2832 modo
407 2757 675 2853 respondendum
697 2779 800 2849 esset,
820 2767 850 2832 si
870 2782 1097 2852 quaereretur,
1120 2770 1212 2851 quid,¹

141 2869 171 2929 si
191 2870 421 2950 probationem
436 2873 526 2932 tituli
541 2882 574 2932 et
587 2872 679 2931 modi
692 2870 882 2950 acquirendi
894 2881 1020 2933 tantum
1034 2895 1053 2932 a
1065 2871 1210 2952 petitore

139 2971 364 3052 postularent,
384 2972 472 3033 inter
488 2971 540 3034 rei
560 2963 815 3032 vindicationem
839 2981 935 3053 atque
957 2971 1117 3034 actionem
1140 2971 1210 3032 Pu-

139 3073 316 3136 blicianam
341 3073 501 3136 interesse
531 3072 712 3136 videretur.
775 3071 875 3145 Quod
910 3072 1007 3134 enim·
1022 3093 1064 3136 ex
1098 3074 1210 3136 verbis

144 3173 224 3236 Gur
245 3179 282 3239 in
310 3177 351 3240 L.
372 3181 403 3238 8.
431 3177 477 3239 D.
508 3177 547 3238 de
569 3175 765 3236 Publiciana
787 3179 822 3236 in
843 3196 910 3238 rem
930 3181 1062 3240 actione.
1102 3175 1154 3239 VI.
1177 3171 1230 3242 2.st

142 3281 218 3353 „Da
233 3284 339 3360 pretio
359 3300 433 3340 acro
455 3282 557 3341 solato
580 3279 668 3340 niati·
681 3283 885 3362 exprimitur.-
907 3280 991 3341 unde
1007 3292 1113 3362 potest
1135 3301 1212 3340 aon·

140 3391 286 3466 ,jactura
306 3388 389 3466 capi,
412 3386 506 3466 quari
526 3404 584 3445 aec
602 3385 756 3444 sententia
777 3385 939 3443 Praetoris
959 3404 999 3444 ea
1018 3386 1080 3462 sit,
1109 3393 1145 3442 at
1165 3401 1214 3442 ra·

145 3489 333 3569 ,‚quiratar'‚
353 3508 397 3546 an
418 3487 556 3546 solutum
577 3489 619 3545 cit
636 3485 799 3564 pretium“
825 3484 977 3562 plerique
999 3479 1212 3561 respondent,

147 3588 183 3661 in
202 3586 253 3647 rei
276 3585 497 3647 vindicatione
520 3584 668 3665 quidem,
694 3603 756 3642 nec
777 3602 859 3644 vero
889 3581 926 3642 in
949 3581 1076 3642 actione
1100 3579 1214 3642 Publi-

147 3688 238 3750 ciana
260 3709 279 3749 a
299 3687 443 3768 petitore
463 3685 666 3769 probandam
687 3703 758 3746 esse
776 3683 876 3764 pretii
898 3683 1107 3760 solutionem,
1126 3681 1162 3743 in
1174 3701 1214 3746 eo

148 3788 257 3850 solum
274 3789 446 3870 utriusque
469 3787 605 3849 actionis
618 3785 799 3847 discrimen
814 3785 903 3847 cerni
916 3807 986 3847 non
999 3793 1120 3867 potest,
1141 3783 1217 3864 quia

148 3890 260 3952 multis
275 3873 408 3973 praeter
425 3890 599 3951 emtionem
614 3888 753 3970 negotiis
767 3887 818 3949 rei
835 3886 1013 3947 dominium
1024 3887 1113 3946 solet
1124 3904 1217 3944 oom-

135 3985 271 4072 'parari
311 3989 541 4053 Verumtamen
561 3991 651 4052 istud
670 3988 805 4052 nonita
824 3985 1073 4068 intelligendum
1097 3993 1160 4059 est,
1180 3989 1219 4042 ut

151 4089 326 4172 responsio
346 4092 409 4152 ista
421 4111 561 4173 prorsus
583 4091 819 4153 contemnenda
838 4088 1001 4150 videatur.
1043 4085 1113 4146 Etsi
1133 4083 1218 4142 enini

153 4191 311 4254 venditor
330 4193 499 4273 propriam
519 4211 590 4254 rem
608 4192 759 4254 vendidit
782 4199 815 4251 et
836 4189 987 4267 tradidit,
1021 4185 1219 4280 tamennon

154 4292 247 4376 prius
271 4291 451 4366 dominium
470 4294 507 4354 in
529 4303 686 4358 emtorcm
708 4293 823 4356 tranat
855 4309 949 4371 quam
963 4286 1105 4370 pretium
1119 4287 1158 4346 ab
1179 4297 1218 4341 eo

968 4385 1020 4452 Η
