2960 5064
284 427 336 508 54

285 631 332 698 bis
353 653 421 698 esse
443 639 611 716 oporteret.
653 625 863 692 Vehementer
883 613 1131 710 reprehendendi
1151 623 1350 688 celeberrimi

287 738 351 802 lctt
372 745 488 820 essent,
512 737 567 820 qni
588 743 650 798 tam
671 743 793 810 nostra,
821 753 913 816 quarn
933 741 1066 816 petrum·
1079 741 1171 814 atque
1192 731 1349 814 majorum

286 843 435 906 memoria
454 841 552 906 multa
571 841 651 928 juris
672 840 813 902 instituta
831 837 1053 900 Pandectarum
1073 846 1193 925 tantum
1214 835 1352 897 auctori,

287 956 350 1010 tate
371 946 561 1025 fundarunt,
589 956 621 1008 et
641 947 793 1009 rationem
813 944 991 1006 habuerunt
1011 941 1147 1025 nullam,
1185 949 1291 1002 atrum
1312 941 1350 1004 in'

289 1051 401 1115 Codice
422 1053 539 1115 mentio
561 1071 671 1115 eorum
691 1053 771 1112 facta
799 1069 840 1112 an
870 1050 981 1110 omissa
1000 1047 1107 1109 suerit.
1171 1044 1279 1127 ltaque
1307 1063 1352 1108 ex

288 1155 355 1220 solo
384 1155 504 1219 Codicis
531 1157 571 1220 de
591 1153 769 1218 Publiciana
798 1155 918 1217 actione
938 1150 1070 1214 cilentio
1099 1151 1138 1213 de
1166 1149 1352 1213 contusione
1378 1203 1381 1215 .
1469 1233 1470 1248 χ

289 1365 355 1428 Nec
375 1365 461 1429 deest
480 1366 579 1448 rabo,
622 1386 684 1448 qua
704 1363 918 1428 Tarsouursus
944 1362 1074 1447 ejusque
1102 1361 1177 1422 socii
1199 1358 1354 1424 animine

289 1471 492 1555 negligentiae
520 1470 695 1552 suspicione
731 1469 914 1532 liberentur.
978 1465 1056 1528 Nam
1091 1487 1132 1528 ne
1167 1467 1202 1529 in
1237 1464 1355 1527 Codice

289 1571 504 1638 Theodosiana
526 1575 652 1656 quidem
673 1574 712 1637 de
734 1574 914 1638 Publiciana
943 1573 1063 1634 actione
1094 1571 1204 1633 titulae
1224 1571 1353 1650 reperi-¹

290 1687 362 1741 tur:
402 1663 470 1741 imo
494 1681 530 1743 in
554 1701 591 1742 eo
613 1679 715 1742 solum
737 1679 775 1742 de
797 1678 846 1743 rei
864 1676 1076 1741 vindicatione
1097 1676 1206 1760 egitur.
1231 1673 1355 1758 ¹Hujus

290 1785 472 1866 exemplum
492 1785 589 1846 secuti
616 1782 706 1848 baud.
721 1784 786 1848 scio
802 1803 855 1846 «an
877 1781 997 1848 Codicis
1019 1779 1204 1843 Justirrianei
1226 1778 1356 1861 Compi.

291 1886 406 1950 latores
428 1909 496 1950 eam
517 1890 669 1970 actionem
691 1889 863 1951 emiserint.
904 1885 998 1963 Quasi
1021 1908 1117 1965 vero,
1146 1885 1292 1967 inquies,
1318 1885 1356 1946 in
1379 1933 1382 1938 .

293 1989 405 2055 Codice
426 1991 642 2058 Theodosiauo
670 1995 743 2057 ideo
763 1992 865 2056 omitti
885 2012 951 2056 non
971 1991 1110 2073 potuerit
1131 1990 1209 2054 ectio
1230 1989 1266 2050 in
1286 2010 1357 2052 rem

290 2093 477 2180 Publiciana,
499 2098 573 2184 qaia
592 2100 711 2183 legibus
732 2097 912 2164 edictalibus
931 2095 1079 2177 ferendis,
1101 2117 1118 2159 a
1138 2095 1215 2158 lCtis
1237 2094 1357 2177 quippe

289 2198 354 2282 jam
374 2203 446 2265 satis
467 2203 610 2280 exculta,
630 2207 789 2268 materiam
810 2205 953 2266 idoneam
974 2223 1038 2264 non
1059 2200 1247 2285 praebuerit.
1289 2199 1357 2282 Ego

291 2323 370 2366 vero
389 2308 543 2389 concedo,
571 2329 637 2370 uon
659 2311 791 2373 multum
812 2310 924 2389 fuisse,
955 2308 1039 2393 quod
1060 2305 1097 2370 ab
1117 2304 1359 2392 Imperatoribut

261 2465 268 2480 „
292 2405 474 2472 Christianis
496 2411 553 2473 lsac
574 2409 623 2474 de*
634 2414 754 2477 actione
776 2416 843 2498 lege
872 2413 1009 2496 generali
1036 2409 1184 2473 constitui
1209 2410 1359 2491 potuerit.

290 2509 354 2573 Sed
375 2532 441 2576 earn
468 2515 568 2608 ipsam
597 2517 636 2579 ob
659 2505 798 2580 uunsam'
815 2519 850 2580 iu
872 2517 993 2590 'Codice
1022 2513 1214 2578 Juatinieueo
1245 2513 1358 2578 omisso

290 2614 436 2702 videtur,
480 2640 578 2704 quum
608 2622 655 2704 ei,
700 2624 756 2706 qui
783 2624 877 2706 plura
905 2621 943 2684 de
966 2619 1356 2704 'Publiciana'oognoscere

291 2721 407 2805 vellet,
435 2724 499 2808 jam
521 2743 579 2807 per
600 2723 767 2790 Pandeetas
788 2729 860 2790 satis
883 2745 1040 2810 superque
1061 2723 1162 2786 fieret.
1202 2723 1358 2797 Quodne

289 2843 407 2886 nornen
436 2829 562 2911 quidem
590 2827 787 2896 Publicianae
813 2833 848 2896 in
878 2831 992 2893 Codice
1029 2829 1091 2911 legi
1122 2829 1171 2897 Oi.
1193 2827 1359 2893 Herceum.

291 2931 470 3014 contendit,
499 2943 537 2996 et.
551 2939 593 3000 li.
616 2939 669 3003 24.
697 2939 729 3002 0.
749 2940 788 3003 de
808 2941 857 3002 rei
876 2935 1090 3000 vindicatione
1111 2931 1164 3002 ΙΙΙ.
1186 2943 1239 3000 32.
1262 2943 1294 2995 et
1315 2936 1358 3000 L.

290 3043 321 3098 6.
352 3037 386 3100 0.
415 3040 530 3125 quibua
558 3065 623 3104 non
648 3044 799 3127 objicitur
835 3044 924 3126 longi
957 3041 1105 3122 temporis
1136 3035 1358 3123 praescriptio.

291 3135 361 3228 Vll·
383 3139 448 3220 db,
469 3143 525 3204 nbi
545 3147 586 3206 de
606 3151 655 3210 rei
675 3148 891 3209 vindicatione
912 3143 1039 3210 directa
1060 3151 1093 3202 et
1114 3143 1152 3204 de
1174 3146 1302 3206 actione
1322 3146 1360 3208 in
1471 3177 1472 3216 t

291 3264 358 3334 rens
379 3235 503 3309 directa
521 3251 575 3310 oei
593 3250 736 3333 quolibet
757 3251 825 3312 alio
846 3251 1021 3312 dominium
1040 3247 1234 3310 vindicando
1256 3267 1360 3310 sermo
1471 3265 1472 3288 ι

289 3355 367 3428 est,v
389 3367 455 3412 uon
475 3347 514 3411 de
536 3351 584 3412 rei
606 3351 815 3414 vindicatione
843 3350 1040 3414 Publicianae
1074 3351 1189 3414 actioni
1218 3350 1360 3434 opposita
1471 3393 1472 3422 ι

221 3470 225 3484 ·
290 3449 534 3536 interpretatur,
556 3453 703 3520 lubenter
723 3455 858 3522 concedo
880 3465 972 3542 etque
994 3457 1129 3540 ingenue
1149 3457 1265 3540 fateor,
1294 3477 1362 3518 eae-
1471 3457 1472 3460 ’

291 3556 364 3639 pius
386 3547 458 3621 eum
479 3559 515 3623 in
536 3559 632 3625 finem
659 3563 798 3644 perlecto
820 3561 932 3628 Codice
961 3579 1011 3625 me
1033 3563 1067 3624 in
1088 3581 1204 3623 nomen
1225 3559 1360 3624 actionis

290 3657 489 3727 Publicianae
510 3687 576 3729 uon
596 3667 751 3733 incidisse.
788 3666 854 3731 Nec
874 3687 952 3731 vero
972 3665 1032 3730 boc
1054 3675 1270 3750 argumentum
1292 3667 1362 3728 vim

290 3761 571 3856 babetmajorem,
608 3791 702 3854 quam
722 3774 855 3835 alterum
877 3769 916 3834 de
938 3773 1104 3835 omissione
1126 3771 1212 3833 tituli
1233 3770 1272 3833 de
1293 3769 1361 3832 Pa-

291 3866 424 3935 bliciana
444 3873 565 3939 actione
592 3874 628 3937 in
656 3873 768 3940 Codice
796 3875 982 3942 desumtum.
1047 3876 1210 3940 Praeterea
1238 3876 1272 3936 iu
1302 3873 1363 3956 Ba7

289 3969 396 4038 silicis
420 3985 554 4061 uterque
582 3978 692 4042 titulus
722 3981 762 4045 de
798 3980 847 4044 rei
874 3981 1084 4045 vindicatione
1120 3989 1153 4044 et
1180 3978 1361 4044 Publiciana

292 4078 413 4144 actione
442 4103 460 4143 e
489 4080 687 4147 Pandeotis
677 4107 712 4148 ιιι
745 4106 888 4168 maecum
917 4105 1091 4150 sermonem
1117 4088 1282 4150 uanslatus
1313 4095 1362 4148 est

290 4179 384 4244 Libro
414 4184 483 4249 XV.
514 4189 588 4253 edit.
611 4192 828 4258 Fabrotionoe
860 4195 947 4262 Tem.
967 4193 1013 4255 II.
1038 4195 1401 4278 pup194et223.

293 4280 361 4348 Etsi
390 4291 473 4357 eninr
506 4293 571 4356 Cel.
599 4277 792 4358 brunerus
782 4319 817 4360 ιιι
829 4317 942 4390 opere
971 4296 1360 4380 praestantissimae&
