2928 5068
1100 353 1174 431 159
1199 397 1202 402 ·

119 558 219 620 sitin
239 565 374 638 utraque
395 554 522 618 actione
544 551 714 635 probatio,
749 551 914 634 diffieilior
944 515 1049 636 seito,
1077 575 1172 636 quam
1288 577 1290 584 ’

117 662 156 722 in
183 657 308 741 actione
333 659 435 735 furti,
463 658 517 719 hic
541 665 630 720 certe
657 653 817 722 actionem
841 655 924 718 furti
951 677 1019 720 non
1045 661 1174 742 putabit

117 782 191 824 esse
213 779 493 843 supervacaneam.
525 757 656 844 rigitur,
682 765 719 818 nt
741 756 878 838 opinor,
905 759 1091 838 meliorest
1112 781 1174 821 eo-

117 883 193 926 rum
216 862 395 940 sententio,
442 863 499 945 qui
528 860 728 932 existimant,
752 921 755 924 ,
776 881 874 925 unam
905 881 976 924 esse
1010 862 1172 925 sotionem

117 987 161 1028 er
186 963 267 1031 furti
294 964 421 1026 actione
452 975 486 1026 et
516 961 723 1026 condictione
751 961 876 1026 furtivo
895 965 1077 1026 conflatam.
1118 955 1179 1040 Asl'

115 1089 190 1129 eam
206 1063 440 1128 instituendam
462 1066 586 1148 quivis,
609 1063 663 1126 cui
681 1067 904 1150 ressubrepta
920 1076 986 1145 est,
1006 1066 1065 1128 vel
1077 1071 1171 1152 cujus

114 1189 170 1230 res
192 1167 310 1230 illicito
333 1167 436 1232 modo
457 1168 596 1230 uberate
623 1174 672 1232 est
700 1169 741 1230 ab
770 1187 827 1248 eo,
855 1170 912 1252 qui
932 1169 1070 1232 alienam
1099 1192 1170 1234 esse

113 1292 185 1333 non
202 1269 386 1351 ignoravit,
412 1271 589 1351 coningere
610 1277 731 1352 potest.
772 1268 829 1332 Sic
848 1293 925 1353 ergo
948 1293 1018 1334 non
1037 1294 1171 1346 necesse

112 1373 196 1452 erit,
224 1379 264 1433 ut
285 1373 327 1434 sb
351 1381 463 1436 actore
483 1371 619 1436 dominii
642 1371 774 1454 plenem
799 1375 1029 1457 probationem
1057 1376 1171 1456 exiga-

111 1497 195 1538 mus.
245 1472 388 1538 Sufficiet
409 1474 546 1558 probari
571 1476 613 1538 ab
638 1493 678 1536 eo
703 1477 824 1539 sactum
846 1475 1067 1557 subreptionis
1082 1535 1083 1538 ,
1098 1479 1168 1538 sivo

112 1579 214 1660 furti,
232 1597 297 1660 qno
321 1597 380 1658 ego
403 1578 469 1640 boc
490 1578 567 1638 loco
590 1597 660 1638 non
679 1575 828 1658 intelligo
848 1579 973 1641 furtum
994 1597 1033 1639 eo
1061 1598 1171 1656 sensu,

111 1702 178 1763 quo
202 1680 238 1742 id
257 1679 359 1754 bodie
385 1674 583 1759 ablationem
601 1680 652 1740 rei
673 1680 798 1742 eliense
822 1678 954 1744 mobilis
985 1697 1029 1740 ex
1054 1688 1168 1742 custo-

111 1783 166 1842 dia
191 1779 316 1841 domini
335 1782 394 1843 vel
414 1775 617 1863 possessoris
642 1780 728 1844 lucri
753 1780 895 1842 faciendi
919 1779 1021 1861 grstia
1051 1781 1169 1845 sectam

110 1883 259 1960 dicimus,
281 1882 340 1944 sed
353 1903 452 1943 sensu
467 1881 591 1958 latiori,
605 1902 675 1964 ¹quo
695 1881 770 1964 jure
781 1879 928 1942 Romano
945 1881 1171 1965 accipiebatur.

108 1985 285 2046 Praeterea
302 1984 474 2066 probanda
502 1993 552 2044 est
578 1985 664 2046 mela
687 1983 769 2044 fides
796 1983 988 2046 adversarii.
1039 1982 1077 2044 ln
1106 1983 1168 2056 hac

110 2086 198 2148 enim
224 2085 311 2148 mala
327 2077 396 2147 lide
418 2105 461 2146 ex
488 2085 564 2170 jure
591 2083 740 2148 Romano
765 2085 848 2148 furti
874 2085 1058 2150 communio
1091 2105 1168 2146 cer·

108 2187 211 2250 nitur.¹
260 2183 391 2250 Enetum
419 2187 641 2267 subreptionis
671 2187 809 2270 probari
837 2209 910 2250 non
935 2187 999 2250 enit
1026 2185 1167 2266 difficile,

108 2309 210 2371 qumn
237 2288 429 2372 plerumque
458 2288 626 2370 inquisitio
655 2287 798 2359 cr'uninie
830 2287 1022 2353 antecedere
1052 2287 1167 2366 soleat,

107 2391 145 2452 in
173 2412 236 2472 qna
265 2388 294 2454 si
321 2391 377 2453 for
401 2389 526 2452 turtum
560 2389 728 2452 confessus
762 2399 828 2470 sss,
861 2391 897 2452 id
925 2390 1057 2472 plenam
1087 2390 1167 2452 facit

105 2494 345 2574 probationem.
387 2492 432 2556 At
457 2483 539 2557 vero
570 2492 600 2555 ei
626 2491 698 2574 quis
720 2493 851 2556 actione
876 2493 959 2556 furti
979 2491 1083 2583 utinm
1104 2492 1168 2552 ad·

105 2613 223 2656 versus
254 2597 359 2658 melae
386 2596 467 2658 fidei
491 2613 735 2677 possessorem,
763 2596 821 2677 qui
845 2617 920 2661 rem
944 2594 1016 2674 ipse
1043 2614 1062 2653 a
1089 2595 1164 2654 sure

105 2696 164 2758 vel
189 2698 292 2759 malae
320 2697 400 2760 fidei
425 2715 619 2780 possessore
651 2697 784 2771 emerit,
814 2707 849 2760 et
873 2696 958 2758 mule
977 2693 1059 2756 fides
1081 2714 1164 2775 pos-

104 2798 241 2864 sessoris
278 2809 312 2860 et
338 2799 423 2862 mala
450 2797 533 2860 fides
561 2797 705 2860 auctoris
732 2800 903 2880 probanda
931 2804 994 2862 est.
1042 2795 1165 2856 Contra

104 2899 212 2959 furem
240 2899 348 2982 ipsum
368 2887 523 2982 probatio
549 2897 707 2962 facillima
736 2921 806 2962 esse
832 2901 930 2962 solet.
979 2896 1063 2960 Nam
1090 2896 1163 2959 suf-

104 2997 203 3064 ficere
231 3011 347 3082 putant
377 3001 441 3063 loti
465 3000 580 3081 patrii,
595 3001 655 3080 asi,
673 3003 740 3081 ⁴qui
768 3003 893 3064 furtum
913 3020 1089 3083 perpessus
1110 2998 1163 3074 sit,

103 3101 318 3184 jurejurando
341 3103 597 3179 asseveraverit,
625 3121 696 3164 rem
720 3123 790 3166 esse
813 3124 903 3164 suem
922 3102 981 3165 vel
1000 3121 1071 3162 eam
1090 3117 1162 3159 sese

103 3205 288 3284 possedisse
309 3213 343 3268 et
365 3225 434 3268 eam
453 3205 545 3268 furto
564 3203 627 3268 sibi
648 3223 719 3267 esse
739 3205 887 3282 ablatem.

576 3459 610 3546 p.
649 3453 684 3524 4.

185 3611 340 3678 Probatio
362 3611 516 3696 dominii,
550 3613 606 3678 cui
624 3613 664 3684 in
679 3615 807 3692 actione
826 3613 1068 3698 hypotbeemir'
1084 3611 1160 3697 jure

99 3711 247 3780 Romano
276 3715 370 3780 locus
399 3727 465 3799 est,
495 3719 591 3781 etiam
615 3715 652 3778 in
679 3713 824 3780 &sonia
849 3716 1013 3781 interdurn
1040 3733 1158 3778 neces·

5 3903 6 3910 ¹
100 3818 185 3878 ⁸⁸15&
209 3829 267 3886 eet.
310 3820 449 3900 Multum
471 3821 627 3899 interest,
648 3828 760 3882 utrm
780 3827 920 3901 propter
938 3819 1156 3900 hypothecam
1277 3908 1280 3916 y

100 3939 143 3982 an
170 3930 311 4006 propter
337 3922 454 4004 pignus
486 3921 879 4005 actione=bypotbeceria
905 3921 1051 3982 creditor
1080 3927 1155 4002 uta-

98 4030 173 4101 tnr;
211 4032 244 4084 et
271 4024 359 4087 inter
385 4023 587 4107 hypothecas
613 4024 723 4088 denno
746 4025 834 4086 inter
863 4045 949 4101 eain,
986 4039 1068 4104 quas
1096 4019 1154 4100 ju·
1241 4089 1244 4097 Ι

100 4122 183 4188 diois
205 4146 366 4192 consensu
389 4125 596 4190 constituitur
614 4135 648 4190 et
673 4125 802 4190 tacitam
825 4124 1074 4190 discernendum
1096 4130 1152 4183 est.
