2960 5064
269 397 319 476 36

273 605 359 687 rius,
395 595 563 661 dominum
575 585 676 653 fuisso
688 592 893 664 testatorem,
927 575 1078 646 ostendat
1107 569 1240 636 omnino
1269 587 1336 629 ne·

276 705 363 770 cesse
387 709 445 762 est.
486 694 635 768 Accedit,
659 689 750 771 quod
770 708 840 751 non
861 675 979 747 destant
1002 677 1165 760 exempla3
1208 672 1267 734 ubi
1288 671 1340 732 si-

275 808 348 870 mili
366 801 563 888 probatione
585 793 734 874 legatarii
758 797 947 852 onerantur.
986 784 1035 843 lta
1051 781 1152 842 verbi
1174 797 1271 839 causa
1286 771 1341 834 rei

278 891 403 974 alieriae
425 906 581 986 legatam,
617 896 645 956 si
665 900 805 956 testator
826 912 894 954 rem
917 887 1053 950 alienam
1075 901 1145 945 esse
1163 875 1342 963 ignoravit,

278 1007 464 1076 vim'habet
481 1003 615 1067 nullam.
661 997 872 1077 Quapropter
893 987 1048 1070 legatario
1070 1007 1142 1048 rem
1163 984 1202 1045 ab
1216 975 1344 1042 herede

279 1113 405 1198 petenti
427 1105 598 1172 necessitas
621 1095 824 1163 monstrandi
845 1092 1043 1177 injungitur,
1085 1110 1154 1173 non
1176 1070 1345 1174 ignorasse

281 1224 487 1286 testatorem,
516 1227 585 1268 sam
609 1221 679 1263 esse
705 1199 853 1261 alienam.
898 1195 953 1256 Sic
973 1193 1168 1254 Msncrascs
1192 1185 1290 1248 Libro
1311 1189 1343 1246 6.

282 1289 527 1380 Inititutionum
563 1308 603 1368 L.
632 1312 685 1371 21.
717 1303 765 1364 ·D.
799 1300 840 1362 de
877 1281 1127 1383 probationibus.
1155 1285 1272 1354 'XXIL
1294 1277 1343 1351 Ι3.

285 1419 415 1482 scribit:

333 1557 446 1620 Verius
468 1576 533 1615 esse
553 1555 710 1631 existimo,
730 1551 850 1630 ipsunt,
873 1545 929 1626 qni
949 1541 1038 1624 agit,
1070 1534 1190 1621 idest,
1216 1533 1347 1618 legata-

330 1665 414 1722 rium
431 1659 566 1742 probare
589 1668 742 1738 oportere,
786 1653 881 1712 scisse
902 1648 1043 1708 obesam
1064 1663 1129 1701 rem
1150 1640 1203 1704 ael
1222 1639 1350 1720 obliga·

332 1779 399 1826 tam
421 1765 528 1845 legare
548 1761 750 1842 deplanctum:
793 1774 857 1814 non
877 1749 1020 1812 heredem
1044 1746 1179 1830 probare
1199 1754 1350 1825 oportere,

334 1872 497 1951 ignorasse
516 1867 656 1926 alienam
676 1862 729 1920 vel
749 1859 938 1942 obligatam,
971 1857 1049 1935 qnia
1076 1868 1193 1930 semper
1214 1847 1350 1908 nscessi-

334 1986 386 2035 tas
402 1967 563 2054 probandi
580 1965 733 2026 incumbit
755 1963 824 2042 illi,
861 1963 918 2042 qni
939 1961 1017 2039 agit.

291 2129 385 2202 Quae
407 2121 562 2206 probatio
589 2141 687 2202 quam
712 2135 761 2178 ex
779 2112 948 2176 Marciana
970 2109 1130 2172 sententia
1158 2127 1221 2194 per
1247 2125 1283 2168 so
1312 2107 1354 2167 ad

291 2227 483 2309 legatarium
501 2221 778 2304 idso‘pertineat,
822 2216 899 2298 quia
928 2213 1047 2274 actoris
1073 2220 1183 2293 partes
1208 2209 1355 2285 sustinet,

224 2331 229 2342 '
292 2341 364 2392 tam
387 2347 470 2390 vero
494 2347 565 2386 eam
584 2327 627 2386 ob
650 2341 776 2383 omnam
789 2321 828 2382 ab
849 2339 889 2381 eo
907 2317 1042 2381 videtur
1057 2334 1128 2375 esse
1141 2311 1356 2395 suscipienda,

294 2431 371 2513 quia
389 2429 521 2490 luorum
541 2447 588 2491 ex
602 2424 785 2487 hereditate
806 2431 935 2505 oaptare
957 2419 1043 2483 vult.
1082 2416 1171 2478 Idem
1193 2415 1234 2476 de
1254 2423 1358 2476 testa·

294 2531 379 2594 toris
403 2528 550 2591 dominio
578 2525 751 2609 probando
784 2526 819 2586 in
844 2523 954 2604 legato
982 2519 1214 2591 vindicationis
1243 2518 1357 2579 dioen-

297 2633 376 2696 dam
402 2639 460 2694 est.
501 2629 571 2706 Nee
592 2649 675 2692 vero
698 2626 855 2706 deerunt,
875 2624 932 2707 qai
948 2633 1079 2707 postea,
1101 2643 1196 2706 qnam
1211 2618 1271 2682 SC.
1287 2619 1359 2682 No-

296 2734 437 2798 roniano
461 2730 570 2794 omnia
597 2729 704 2812 legata
729 2730 834 2790 minus
857 2728 944 2813 aptis
969 2727 1081 2789 vorbis
1108 2725 1224 2788 relicta
1248 2724 1357 2806 legato

297 2833 513 2898 damnationis
542 2842 718 2914 exaequata
740 2831 884 2914 suerint,
927 2830 1023 2902 istam¹
1045 2827 1277 2912 probationem
1308 2827 1362 2890 sa-

299 2947 385 3000 ctam
407 2955 481 2998 esse
500 2954 774 3017 supervacaneam
795 2935 1004 2998 contendant.
1047 2930 1173 3004 Quibus
1185 2927 1221 2989 id
1241 2930 1362 2993 luben-

300 3048 354 3133 ter
375 3037 590 3113 concesseris,
630 3037 660 3100 si
692 3036 735 3099 de
761 3036 836 3122 jure
867 3047 994 3120 tanturn
1029 3032 1177 3114 legatarii
1205 3033 1361 3097 adversas

300 3138 458 3202 heredem
487 3137 719 3220 quaesiverint.
782 3139 865 3200 Nam
894 3136 1021 3200 etiamsi
1047 3154 1100 3196 res
1132 3135 1363 3198 vindicationis

301 3240 404 3302 modo
427 3240 533 3321 legata
550 3240 675 3305 frustra
701 3260 720 3300 o
744 3237 901 3330 legatario
929 3239 1033 3322 petita
1061 3247 1127 3324 ost,
1168 3238 1245 3302 ideo
1275 3237 1366 3322 quod

278 3343 670 3404 ¹testatoris‘dominium
695 3362 765 3404 non
791 3342 902 3426 potuit
929 3343 1094 3425 probare,
1134 3348 1242 3404 tamen
1269 3341 1364 3405 heres

301 3443 402 3526 legati
423 3447 644 3528 praestatione
665 3444 853 3528 neutiquam
882 3446 1094 3508 liberabitur:
1137 3444 1205 3506 imo
1231 3444 1365 3507 solvere

304 3545 438 3609 debebit
457 3547 733 3624 aestimationem,
754 3547 854 3610 modo
880 3549 1062 3611 ostenderit
1088 3547 1279 3630 legatarius,
1298 3567 1365 3607 non

303 3648 470 3728 ignorasse
490 3659 696 3744 testatorem,
737 3671 809 3713 rem
827 3670 900 3712 esse
920 3653 1066 3714 alienam.
1119 3649 1242 3714 Verum
1264 3649 1367 3710 enim-

305 3767 389 3810 vero
418 3759 645 3829 eontra-eum,
681 3757 745 3836 «qai
771 3753 868 3814 heres
897 3743 1058 3830 nonest,
1101 3761 1134 3814 et
1162 3762 1270 3816 tamen
1297 3771 1366 3813 rem

305 3849 455 3930 possidet
479 3851 711 3915 vindicationis
738 3854 838 3916 modo
871 3855 1037 3933 relictam,
1059 3877 1129 3930 non
1151 3855 1257 3916 minus
1290 3861 1366 3936 post

307 3947 366 4012 SC.
386 3947 626 4040 Neronianum,
657 3959 753 4037 quam
772 3964 849 4017 ante
870 3957 957 4018 illud
981 3977 999 4016 a
1021 3959 1178 4038 legatario
1195 3975 1269 4030 rem
1290 3956 1364 4016 vin-

305 4049 433 4113 dicante
452 4051 660 4134 probandum
678 4060 759 4142 fuit,
788 4080 858 4122 eam
873 4049 1044 4121 'testatoris
1067 4060 1170 4120 fuisse
1189 4058 1365 4139 propriam,

306 4152 383 4268 quia
402 4153 625 4240 adversarius,
648 4163 677 4222 si
697 4171 834 4225 testator
855 4161 1006 4223 dominus
1028 4161 1190 4238 nonfuit,
1209 4159 1366 4220 condem·

307 4271 380 4316 narr
403 4277 509 4362 nequo
522 4273 648 4347 potest,
677 4274 715 4326 ut
734 4264 889 4350 legatario
911 4281 981 4328 rem
1003 4264 1169 4345 restituat,
1198 4278 1364 4345 nequeas
