2960 5064
1123 355 1174 432 63

100 555 200 640 juria
221 553 345 638 antiqui
364 553 527 638 particula
556 555 721 620 Immutata
742 567 800 620 est.
868 556 916 620 cf.
940 557 1014 640 §.·t.
1028 557 1069 625 ’8.
1099 561 1181 628 iaia

102 654 153 721 de
175 660 344 721 libertinis.
390 659 414 723 I.
438 663 468 727 5.
508 671 541 724 et
569 663 610 722 L.
642 683 696 722 uu.
725 663 761 725 0.
792 664 832 723 do
847 662 1007 730 ,dedititia
1035 666 1182 728 liberam

102 763 266 826 ¹tollendo.
310 761 379 825 VII.
404 769 434 829 5.
463 766 506 826 12.
529 788 582 830 un.
617 765 651 828 G.
676 765 843 840 dolatico
864 767 1180 833 libertatatollendo.

101 866 183 929 ·vl1.
208 875 239 930 6.
256 889 310 947 pr.
332 868 412 930 Iust.
434 868 473 930 de
494 868 752 952 usucapionibus.
776 866 814 930 II.
835 873 866 933 a.
890 879 923 931 et
943 875 984 934 L.
1008 895 1061 938 un.
1086 877 1117 937 G.
1141 875 1181 934 de

105 973 310 1053 wzocapiona
331 973 608 1057 confirmando.
645 971 711 1035 VII.
735 977 790 1036 31.
815 971 842 1056 §.
865 979 896 1040 8.
916 977 997 1040 Insa.
1021 979 1060 1040 da
1081 980 1183 1039 actio·
1255 1021 1258 1028 .

105 1075 219 1137 tribuo·
255 1073 309 1142 lv,
331 1080 363 1138 6.
383 1086 416 1141 et
436 1079 477 1140 L.
497 1083 529 1152 2.
553 1081 586 1143 0.
614 1077 653 1140 de
675 1081 848 1140 constituto
866 1083 1019 1162 pecunia:
1048 1079 1105 1144 lv,
1128 1087 1181 1149 18.

104 1181 265 1261 aliosque
286 1179 381 1242 locos
400 1199 503 1265 paene
523 1182 723 1248 innumeros.
765 1180 882 1264 Neque
906 1179 1086 1246 existimari
1100 1195 1183 1268 pot-

108 1293 179 1362 est,
200 1283 439 1346 Turuomanuur
462 1283 597 1368 ejusque
611 1283 718 1345 socios
740 1288 783 1349 L.
806 1309 858 1347 un.
890 1269 923 1349 0.
944 1287 985 1348 dc
1004 1287 1091 1349 niodo
1104 1292 1183 1367 jure

115 1389 291 1468 Quiritium
312 1387 451 1449 tollendo
480 1389 658 1468 ignorasse.
709 1386 881 1452 .Codicem
904 1396 1029 1468 tamon,
1071 1391 1182 1472 legum

109 1489 346 1552 collectionem
369 1489 608 1573 posteriorem,
630 1487 892 1552 Institutionibus
914 1492 1007 1573 prius
1025 1491 1181 1575 promul,-

111 1593 196 1674 gatis
219 1590 255 1653 in
276 1579 354 1654 foro
377 1611 448 1655 esse
469 1590 743 1674 praeferendum,
780 1593 1026 1658 concedendum
1050 1592 1183 1676 quidem

111 1705 183 1775 est,
203 1716 266 1758 nco
288 1713 371 1756 vcro
393 1693 476 1756 adao
502 1685 763 1772 extendendum,
790 1704 828 1755 ut
849 1697 952 1760 multu
975 1697 1060 1782 juris
1083 1694 1182 1757 insti-

107 1800 200 1876 tuta,
218 1815 359 1879 quorum
387 1795 423 1857 in
441 1794 611 1860 Pandcctis
638 1791 671 1856 et
696 1795 959 1859 Institutionibus
987 1801 1110 1863 mentio
1135 1796 1183 1875 fit,

110 1901 190 1962 ideo
214 1903 369 1981 abrogata
389 1918 461 1962 esse
485 1899 692 1976 arbitremur,
714 1897 806 1979 quod
829 1899 865 1960 in
888 1898 1009 1963 Codice
1030 1897 1186 1985 praeter·

113 2004 211 2065 missa
232 2005 322 2076 sinu,
353 2001 454 2078 Quod
474 1999 603 2082 siquis
624 2001 756 2074 feccrit,
796 2001 1007 2064 metuendum
1032 2015 1100 2080 cat,
1139 2025 1182 2065 ua

113 2105 208 2168 nimis
231 2105 328 2186 genio
351 2104 546 2183 indulserit,
589 2105 742 2185 quicum
769 2101 810 2163 ad
825 2112 900 2164 ¹tarn
927 2104 1097 2168 violentas·
1124 2127 1183 2170 ru·

111 2209 187 2292 'puit
214 2209 430 2292 conjecturas.
471 2194 474 2199 ’
496 2199 586 2268 Id'em
606 2215 723 2266 contra
759 2205 806 2266 ct.
826 2201 1026 2268 Hrnscnruu
1048 2219 1183 2272 sentcn-

111 2313 193 2375 tiam
224 2331 293 2374 non
319 2321 434 2395 potest
460 2311 587 2387 solum,
627 2327 746 2370 verum
777 2307 873 2368 etiam
912 2308 1011 2370 debet
1041 2312 1181 2376 moueri.

108 2403 198 2475 ‘Nam
220 2433 286 2498 quo
307 2415 428 2477 clarius
455 2415 492 2476 in
512 2405 774 2474 Institutionibus
794 2408 882 2472 inter
907 2411 959 2472 rei
974 2407 1184 2476 'vindicatio-

107 2519 190 2578 ‘nem
213 2526 246 2578 ct
266 2514 487 2578 Publicianam
509 2513 722 2589 discernitur,
744 2530 783 2572 eo
808 2513 965 2575 audacior
987 2513 1080 2579 illius
1105 2537 1182 2578 sen⁴

106 2620 217 2681 'tentia
237 2627 315 2700 est,
345 2619 402 2702 qui
430 2639 473 2680 ex
500 2619 574 2680 solo
606 2614 736 2679 codicis
764 2613 808 2675 de
837 2611 1025 2678 Publiciana
1049 2617 1182 2678 silentio

108 2722 284 2804 utriusque
309 2724 445 2784 actionis
468 2719 728 2783 immutationem
756 2719 906 2800 repetiit,
949 2737 1056 2799 neque
1080 2737 1185 2801 repn-

108 2825 212 2902 'tavit,
236 2845 315 2903 eam,
336 2825 364 2886 si
384 2843 501 2906 reapse
523 2822 728 2902 contigisset,
749 2838 817 2884 uno
842 2830 933 2882 certe
952 2821 1071 2896 verbo,
1089 2843 1183 2882 com-

107 2927 357 2991 memorandam
378 2911 498 3005 fuisse,
533 2943 631 3008 quum
658 2922 894 2986 'I‘arronrauum
916 2924 1032 3006 fugere
1056 2942 1184 3008 naqua-

112 3051 210 3114 quam
230 3031 388 3113 potuerit.
448 3030 497 3092 Ac
519 3030 547 3092 si
578 3027 706 3106 cadem,
748 3046 812 3109 qua
835 3025 881 3086 02.
904 3023 1079 3087 Hauscusu
1102 3045 1182 3086 usus

111 3145 178 3214 cst,
218 3135 460 3214 interpretandi
487 3132 618 3196 rationo
654 3148 766 3190 omnes
803 3137 995 3207 uterentur,
1038 3129 1185 3191 omnium

109 3237 265 3300 lCtorum
296 3236 465 3318 diligentia
496 3232 734 3298 contemnenda
765 3240 868 3311 assat,
911 3231 968 3315 qui
996 3227 1185 3312 ἕναντιοφα-

112 3342 215 3417 θείας.
258 3339 368 3420 legum
384 3341 425 3406 ‚in
443 3338 615 3402 Pandectis
640 3346 672 3398 et
697 3335 733 3398 in
755 3333 877 3396 Codice
904 3335 1199 3396 contradictiones«

111 3435 364 3522 ¹interpretando
386 3443 564 3506 conciliare
589 3421 797 3500 studuerunt.
863 3433 918 3493 Illi
937 3434 1023 3494 enim
1048 3453 1182 3516 oporam

117 3555 213 3627 atquc
247 3545 359 3608 oleum
373 3543 604 3629 ‘perdiderunt
632 3533 846 3600 conciliandis
872 3533 983 3614 legum
1012 3535 1183 3596 contradi·
1268 3521 1272 3529 ¹

112 3645 278 3711 'ctionrbus
307 3648 524 3730 indulgentes.
588 3641 716 3707 Labore
743 3636 961 3720 supersedere
990 3643 1185 3719 potueruut,

107 3755 214 3835 'quum
239 3753 297 3816 ubi
316 3751 432 3815 Codex
454 3745 650 3812 contradicit
676 3740 846 3803 Pandectis
876 3747 973 3822 atque
998 3735 1183 3801 Institutio-

107 3851 210 3917 'nibus
217 3899 230 3934 ,
249 3857 304 3920 bic
324 3852 509 3916 necessario
531 3844 768 3933 praeferendus
791 3843 844 3905 sit.
886 3839 950 3920 Sic,
970 3849 1009 3900 ut
1027 3840 1181 3925 exemplo

110 3967 205 4038 utor,
246 3961 433 4022 frustruuca
457 3952 572 4017 corum
593 3951 657 4012 suit
680 3967 798 4032 opera,
844 3944 901 4027 qui
925 3949 967 4007 L.
993 3945 1046 4007 54.
1073 3945 1118 4004 D.
1142 3944 1183 4003 de

109 4063 186 4130 iure
207 4060 338 4125 dotium.
360 4057 476 4122 XXIII.
499 4065 529 4122 3.
550 4061 581 4117 et
601 4055 642 4120 L.
664 4059 716 4116 12.
741 4027 858 4112 escon.
880 4045 920 4110 V.
937 4052 989 4112 12.
1011 4046 1179 4127 interpre-

113 4163 175 4227 tati
194 4174 279 4234 sunt.
336 4160 429 4246 Opus
453 4161 539 4224 enim
565 4177 635 4219 non
661 4155 726 4218 suit
755 4171 870 4213 eorum
898 4145 1181 4230 interpretatione,

113 4289 232 4355 quum,
274 4267 366 4354 quod
388 4263 492 4328 Gaios
513 4263 549 4325 in
571 4257 655 4342 Lege
673 4254 908 4320 Pandectarum
930 4249 1063 4315 laudata
1095 4249 1182 4310 scri·
