2928 5068
237 304 240 313 ’
291 359 365 430 150

295 557 330 626 it
351 559 408 621 vel
426 567 543 643 aponta
571 555 803 638 intelligitur,
824 579 894 620 non
921 575 1018 638 ponae
1044 557 1185 640 aliquem
1216 555 1265 632 ad,
1282 557 1357 620 litis

297 661 565 725 contestationem
586 659 660 740 cogi
681 667 774 738 ante,
816 679 910 742 quem
934 678 1007 720 aum
1025 679 1141 756 verum
1164 680 1236 724 eoae
1258 683 1358 724 raum

298 773 389 826 actor
415 761 656 825 nicnatrarerit.
680 789 692 806 ··

768 983 800 1068 n.
829 963 883 1050 ie.

188 1220 194 1230 .
407 1135 568 1200 Cohaeret
598 1157 635 1200 aa
663 1159 737 1202 cum
763 1159 803 1203 re
829 1157 938 1224 poena
970 1135 1109 1200 dclcaae
1139 1137 1364 1216 inficiationis,

302 1261 383 1326 quae
410 1243 451 1304 L.
472 1247 525 1306 80.
554 1241 598 1302 D.
628 1241 668 1304 de
689 1248 736 1308 rei
765 1245 988 1306 vindicatione
1019 1237 1074 1302 Vl.
1100 1247 1130 1304 1.
1160 1248 1366 1324 continetur,

303 1343 360 1404 ubi
388 1341 507 1406 Fuarua
535 1343 730 1408 Aaronem
763 1343 863 1410 Libro
897 1351 926 1408 t.
962 1343 1005 1406 ad
1036 1339 1187 1416 Edictum
1223 1344 1366 1406 scribite

303 1447 366 1528 „ln
387 1469 453 1510 ram
473 1449 628 1510 actionem
638 1451 714 1530 pati
733 1471 797 1512 nan
815 1449 1046 1532 cancpellimur:
1066 1451 1143 1531 quia
1163 1449 1239 1510 licet
1258 1449 1367 1509 alicui

303 1550 449 1632 „dicere,
482 1571 516 1612 ee
536 1571 598 1615 non
613 1551 791 1633 presideret
824 1537 870 1612 ¹rei
890 1553 921 1612 ei
936 1552 1038 1631 poaeit
1058 1549 1266 1622 adversariae
1288 1571 1368 1611 can-

206 1708 212 1717 .
305 1658 472 1737 „vincere‚
509 1675 575 1717 rem
596 1655 637 1717 ab
659 1654 844 1718 advertario
860 1652 1029 1737 possideri,
1065 1653 1243 1736 transferat
1263 1652 1313 1716 ad
1333 1675 1368 1715 aa

303 1762 544 1838 ,porrectionem
558 1777 619 1839 ,per
633 1757 793 1840 iudicem,
836 1759 911 1820 iicet
928 1777 1020 1817 raam
1039 1778 1104 1820 eoae
1125 1778 1189 1818 nen
1207 1757 1390 1840 approba,

305 1862 441 1934 „varit.“
483 1859 561 1924 Eam
581 1858 686 1943 legem
711 1859 844 1944 repetiit
866 1880 902 1922 ac
930 1857 1137 1922 confirmavit
1162 1859 1370 1924 insuauia

305 1962 375 2024 Lex
395 1965 576 2028 Iudiciaria
597 1985 681 2028 nova
707 1964 770 2026 'tta
794 1963 891 2028 XVI.
914 1960 939 2044 §-
954 1967 988 2026 a.
1039 1961 1235 2043 Quaeritur,
1278 1985 1368 2046 quo-

305 2057 508 2130 modo‘lruec
529 2065 588 2129 lex
609 2055 827 2148 intelligenda
842 2067 902 2140 eit,
946 2072 979 2126 et
1000 2062 1167 2146 quomodo
1188 2063 1277 2128 illud
1304 2086 1368 2128 ex·

306 2165 511 2249 plicuudum,
538 2167 639 2251 ¹quoti
658 2169 784 2252 petitor
804 2170 948 2253 probare
970 2166 1098 2248 cogitur
1105 2209 1116 2246 ,
1151 2185 1222 2230 reru
1244 2168 1285 2232 ab
1305 2168 1369 2229 ad-

306 2271 455 2332 veraario
483 2273 659 2356 poarideri.
725 2269 841 2357 Incipit
861 2271 953 2335 ICtua
981 2269 1099 2350 raguta
1123 2268 1290 2351 generalia
1336 2275 1371 2334 in

309 2388 375 2429 rana
404 2377 562 2438 actionem
581 2379 656 2458 pati
682 2399 746 2458 »φη
783 2375 1012 2456 compellimur,
1053 2374 1131 2456 qaia
1159 2373 1235 2432 lieet
1264 2375 1370 2440 alicui

309 2469 431 2555 dicare,
475 2499 509 2538 aa
530 2501 594 2542 aon
606 2478 777 2560 possidere.
818 2473 905 2556 Ergo
934 2474 990 2557 qui
1011 2493 1047 2536 ee
1066 2471 1238 2556 poaaidere
1263 2487 1370 2558 negat,

309 2571 382 2636 aive
399 2597 518 2642 revere
540 2601 609 2644 non
621 2578 805 2664 poeaideat,
826 2575 898 2640 eive
911 2585 1036 2640 nutum
1050 2583 1158 2638 teneat
1173 2575 1244 2641 eine
1259 2580 1369 2642 animo

310 2695 381 2738 rem
402 2680 465 2746 eibi
484 2681 641 2762 habendi,
661 2703 731 2746 non
754 2679 829 2762 cogi
850 2687 978 2762 potent,
999 2685 1038 2739 ut
1057 2697 1131 2740 cum
1145 2687 1256 2744 actore
1276 2681 1370 2742 litem

310 2780 473 2862 suscipiat.
516 2782 553 2846 Si
571 2803 642 2848 rem
663 2782 762 2868 plane
784 2802 855 2846 uon
874 2789 983 2860 tenet,
1024 2780 1108 2842 nihil
1126 2782 1166 2843 ab
1190 2791 1230 2843 eo
1250 2791 1372 2864 postu-

310 2877 374 2941 lari
391 2893 522 2964 potent,
535 2886 572 2950 ,ai
590 2893 683 2950 tenet
706 2906 794 2966 rem,
819 2893 854 2948 'et
869 2882 1017 2965 negando
1040 2881 1280 2964 poeteaaioueau
1303 2885 1372 2966 eig-

310 2981 438 3060 nificat,
461 3007 496 3050 se
522 2985 585 3050 aibi
607 2981 678 3052 rem
697 2991 818 3052 habere
839 2986 951 3064 nolle,
983 2982 1090 3046 atatim
1112 2985 1219 3048 oritur
1239 3005 1258 3046 a
1277 2997 1370 3067 parte

313 3082 384 3164 ejus
412 3088 584 3172 obligatio,
626 3109 698 3160 rem
723 3088 861 3174 petitori
889 3083 1075 3152 exhibendi.
1141 3086 1288 3162 Quodsi
1313 3110 1371 3152 aua

312 3195 431 3264 aponte
448 3190 542 3268 feeit,
569 3212 623 3258 rea
646 3195 754 3262 etanta
773 3189 867 3252 finite
884 3199 954 3266 eat,
1000 3187 1108 3254 setini
1128 3207 1199 3252 rem
1220 3209 1289 3252 non
1311 3205 1371 3253 re:-

312 3285 434 3370 attuit,
479 3290 559 3354 licet
576 3313 651 3360 ..eam
670 3293 706 3354 ae
726 3289 848 3356 habere
871 3291 965 3352 nolle
996 3289 1243 3370 significaverit,
1284 3313 1371 3356 nunc

314 3389 354 3450 ab
376 3403 488 3471 actore
510 3393 719 3478 probandum
734 3400 807 3472 eat,
844 3411 917 3456 eum
934 3409 1009 3458 acm
1024 3401 1154 3460 rtencre,
1194 3394 1270 3468 ‚Qua
1287 3417 1372 3478 pro-

313 3489 448 3562 batione
475 3497 624 3562 abaoluta
644 3497 759 3564 ,atatim
786 3493 892 3580 judex
905 3513 993 3584 ,eum
1017 3493 1063 3558 'ad
1077 3495 1317 3578 poraaeeionein
1336 3501 1373 3562 in

315 3602 461 3678 atterere
477 3596 975 3674 ‹trannrendan'eontennn
995 3595 1075 3686 licet
1087 3605 1180 3666 aeter
1200 3618 1270 3662 rem
1284 3619 1372 3663 auam

317 3710 389 3757 aare
416 3718 485 3762 uon
514 3700 757 3782 approbaverit.
786 3713 788 3722 ¹
822 3697 922 3779 igitur
950 3697 1118 3762 aanrlaiio
1154 3701 1370 3780 pcaaeesionie

289 3874 291 3880 .
316 3788 397 3858 milii
419 3799 550 3880 quiderir
565 3821 638 3862 non
656 3821 764 3883 poena
787 3799 1154 3865 dcleeee'iaficiationia
1185 3821 1255 3862 erae
1276 3803 1369 3864 vide-

269 3981 273 3989 ι
314 3905 390 3977 tur,
426 3904 484 3966 aad
506 3902 556 3970 nil
579 3902 650 3964 nini
667 3899 815 3982 effaetus,
837 3901 914 3982 'qui
936 3919 978 3963 ex
994 3904 1168 3984 negatione
1188 3903 1370 3968 adversarii

201 4051 207 4068 .
318 4021 377 4062 aua
399 4006 698 4086 epentenequitnr,
723 4004 816 4090 ‘quie
833 4003 897 4068 ille
914 3999 1135 4100 eiguiffcavit,
1164 4026 1200 4068 se
1221 4007 1368 4068 ramira-

314 4102 398 4166 =bere
412 4106 528 4185 nolle,
549 4125 611 4200 nea
630 4106 694 4172 eibi
713 4105 838 4188 aliquid
855 4105 938 4189 jurio
961 4106 998 4168 in
1019 4127 1056 4169 ea
1077 4107 1231 4172 tribuere.
1275 4106 1367 4172 Nunc

311 4215 426 4270 ,autem
446 4229 506 4290 per
522 4219 692 4292 caputet,
728 4215 887 4286 actorem,
920 4208 952 4272 ai
970 4209 1173 4274 adveraariua
1192 4211 1366 4296 pusaeaaio.
