2928 5068
300 387 354 464 78

298 593 360 658 lite
378 584 519 668 interior
541 588 628 660 erat,
644 619 647 626 ι
662 579 865 664 privabatur.
908 577 948 646 ln·
965 595 1056 648 nora
1076 589 1194 648 ruteni
1216 579 1366 645 Vindius-

298 700 391 762 tions
411 690 535 776 petitor
557 684 761 768 provocabat
781 682 912 767 quidem
934 685 1189 765 adversarium,
1210 695 1259 764 nt,
1279 687 1366 749 sires

299 793 452 884 petitoris
483 798 585 870 esset,
628 793 750 874 cenam
775 785 932 866 pecuniae
956 809 1122 852 summam
1148 809 1189 850 se
1221 788 1368 850 daturum

300 919 373 964 esse
395 891 584 976 sponderet.
651 886 721 952 Jaus
747 907 831 962 vero
858 883 938 950 baec
957 897 1101 972 pecunia
1126 913 1149 953 a
1176 911 1369 974 possessore

299 999 461 1088 promissa
482 1013 550 1061 nou
574 991 736 1058 solvenda
762 999 848 1069 erat,
888 993 1011 1056 etiamsi
1029 1013 1233 1077 :possessor
1259 993 1369 1055 vinos·-

242 1151 246 1158 .
298 1108 413 1184 hstur3
456 1097 525 1160 imo
546 1105 725 1180 propterea
747 1094 857 1156 solum
881 1097 1159 1178 promittebatur,
1199 1106 1239 1160 ut
1266 1095 1311 1157 de
1335 1113 1368 1155 re

298 1202 440 1292 judicari
459 1210 586 1284 posset.
630 1195 730 1274 Quod
752 1219 825 1262 carn
846 1196 892 1260 ita
916 1207 1018 1277 esset,
1053 1218 1173 1280 neque
1195 1198 1371 1281 restipula-

300 1308 385 1374 tioni
404 1306 498 1368 locus
524 1311 609 1380 erat,
651 1301 674 1362 i.
698 1319 726 1362 e.
745 1321 816 1364 non
835 1301 1012 1382 cogebatur
1032 1299 1167 1384 petitor
1185 1299 1371 1385 possessori

299 1407 496 1491 promittere
521 1405 708 1488 pecuniam,
745 1403 856 1466 silita
879 1411 966 1464 esset
990 1402 1123 1479 rictus,
1163 1403 1368 1466 solvendam.

299 1509 395 1574 Unde
415 1515 521 1590 patet,
543 1507 580 1568 in
598 1526 689 1570 nova
708 1503 936 1570 vindicatione
955 1524 1193 1586 possessorem
1208 1504 1368 1587 nequead

192 1611 195 1619 ’
302 1621 418 1694 epatre
439 1607 688 1687 vindicandum,
717 1628 824 1691 aeque
846 1606 888 1669 ad
909 1606 1042 1670 titulum
1061 1608 1296 1690 possessionis
1321 1605 1367 1667 di-

301 1712 441 1780 cendam
464 1711 735 1794 probandumque
757 1711 860 1772 fuisse
883 1717 1049 1788 coacturus
1084 1708 1263 1793 alioquin,
1283 1709 1312 1771 si
1331 1709 1366 1768 sd

300 1815 388 1878 illud
411 1821 541 1876 coactus
563 1813 696 1891 suisset,
716 1832 835 1876 revera
857 1811 1113 1895 permittendum
1137 1824 1231 1893 erat,
1254 1822 1292 1874 ut
1311 1810 1366 1872 sibi

299 1911 550 1997 restipulatione
570 1920 762 2000 prospicere
781 1921 904 1997 posset.
947 1912 1063 1996 Neque
1078 1916 1115 1977 in
1139 1915 1272 1999 judicio
1286 1916 1383 1976 Cen-v

299 2017 470 2080 tumvirali
489 2026 568 2102 post
588 2014 709 2100 Legem
733 2017 903 2080 Aebutiam
925 2022 958 2076 et
981 2014 1060 2077 duas
1088 2015 1200 2080 Julias
1227 2013 1365 2104 judicis·

299 2121 365 2184 rias
396 2119 584 2203 possessori
620 2123 752 2187 titulum
778 2116 996 2202 possessionis
1031 2117 1168 2184 dicendi
1193 2117 1365 2182 necessitas

298 2222 538 2306 imponebatur.
602 2219 720 2285 Modus
750 2222 836 2285 enim
864 2218 1016 2300 litigandi
1034 2219 1071 2282 iu
1090 2221 1160 2284 hcc
1183 2221 1313 2308 judicic
1334 2220 1364 2281 in

287 2345 341 2386 ·eo
355 2333 490 2414 tantum
517 2323 700 2404 differebat,
722 2325 861 2409 quodin
879 2323 943 2384 hoc
968 2331 1055 2384 certa
1075 2325 1242 2408 pecuniae
1266 2343 1363 2405 quan-

299 2428 374 2489 titas
405 2447 425 2486 a
454 2445 648 2507 possessore
676 2447 745 2490 non
771 2447 835 2510 per
865 2425 1060 2505 formulam,
1101 2425 1164 2488 sed
1193 2447 1261 2510 per
1288 2423 1361 2506 legis

300 2528 462 2590 actionem
480 2527 672 2588 sacramenti
692 2521 875 2608 petebatur.
918 2525 1003 2608 Ergo
1025 2527 1113 2610 apud
1135 2527 1381 2591 Centumvircs'

299 2631 382 2694 adeo
418 2630 563 2690 cessabat
586 2627 929 2691 contravindicationis
956 2649 992 2689 ac
1023 2629 1114 2691 tituli
1141 2627 1362 2714 possessionis

300 2730 432 2819 dicendi
455 2729 638 2816 necessitas.
703 2729 813 2813 ltaque
842 2751 963 2793 summa
991 2730 1071 2794 haec
1101 2743 1162 2796 est.
1229 2731 1364 2812 Antiqua

298 2832 484 2895 vindicatio
509 2851 580 2908 earn
601 2834 740 2898 habebat
761 2834 847 2918 vim,
887 2845 924 2896 ut
947 2835 989 2895 de
1017 2835 1165 2900 dominio
1179 2883 1181 2891 ι
1194 2837 1362 2915 utriusque

233 2942 236 2948 '
296 2934 473 3018 litigatoris
503 2948 730 3024 quaereretur
747 2945 780 2997 et
808 2939 989 3000 necessaria
1008 2949 1112 3001 'esset
1147 2941 1190 3003 ab
1229 2948 1360 3022 utraque

297 3016 551 3120 parte'ddminii
567 3039 741 3121 probatior
762 3061 852 3102 nova
873 3033 1187 3128 autemRVindicatio
1213 3042 1360 3104 contine-

297 3137 353 3201 bat
383 3147 507 3199 tantum
532 3141 755 3219 quaestionem
786 3141 827 3203 de
858 3135 1003 3204 dominio
1034 3143 1211 3224 petitoris,
1255 3146 1302 3206 ita
1327 3152 1360 3220 ut

296 3239 351 3303 bic
376 3239 470 3300 solue
494 3233 674 3300 dominium
697 3241 833 3306 deberet
854 3243 998 3326 probare
1020 3254 1052 3308 et
1074 3263 1253 3327 possessor
1277 3244 1359 3309 omni

296 3339 497 3422 probatione
526 3340 735 3404 liberaretur.
795 3379 798 3386 ·
962 3345 965 3352 '

337 3647 433 3711 ¹*De
461 3658 615 3732 ‚tempore
648 3651 747 3735 hujus
781 3654 968 3716 mutationis
1006 3655 1097 3721 certo
1130 3681 1200 3724 non
1230 3661 1359 3721 constat

294 3751 467 3816 Croascuss
484 3759 572 3812 certe
597 3763 746 3834 tempore
771 3758 901 3838 antiqua
917 3757 1100 3822 Vindicatio
1122 3763 1228 3825 adhuc
1249 3763 1284 3822 in
1299 3773 1355 3816 usu

298 3861 389 3930 erat,v
418 3853 514 3912 sicuti
537 3871 579 3914 ex
597 3855 695 3917 *Orat
713 3880 773 3940 pro
797 3860 887 3919 Mser.
909 3883 978 3941 cap.
1003 3869 1054 3924 12.
1077 3885 1135 3926 sua
1164 3875 1282 3948 sponte
1304 3861 1354 3920 in·

294 3953 468 4034 telliqitur.
517 3953 603 4036 Ergo
635 3960 694 4020 sub
719 3963 876 4031 Aucusro
900 3965 1041 4027 fortasse
1069 3969 1126 4028 vel
1155 3966 1352 4052 paulopost

294 4075 384 4118 nova
408 4054 591 4120 Vindicatio
613 4061 749 4126 fundata
768 4075 830 4126 est.
886 4065 985 4140 Quod
1010 4071 1183 4151 probabile
1203 4067 1351 4133 redditur

293 4158 402 4218 forma
419 4159 535 4242 judicii
549 4161 798 4229 Centumviralis
823 4170 882 4232 sub
896 4169 1052 4233 Aucusro
1074 4183 1195 4236 mutata
1216 4177 1249 4234 e't
1270 4168 1349 4244 Lege
1437 4173 1438 4184 ’

295 4255 841 4354 tultajudistuiaqnssn.1egts
866 4271 1046 4338 rodendas
1069 4275 1262 4364 abrogandis
1285 4270 1347 4333 vim
