2928 5068
350 405 426 488 166

346 621 560 699 propterera
582 609 666 677 actio
687 607 923 696 hypothecaria
942 607 1150 688 instituatur,
1172 627 1215 674 ea
1233 609 1379 694 applicen-

345 729 421 794 tur,
446 735 528 800 quae
551 713 594 778 de
613 713 812 868 probatione
833 711 1007 789 creditoris
1029 721 1124 776 antea
1147 709 1294 782 diximum

429 1003 469 1073 in
495 1001 595 1073 rebus
616 1001 791 1068 mobilibus
817 925 957 1089 deniqbte
989 1001 1137 1088 pignoris
1169 1019 1264 1074 cansa
1290 996 1382 1061 credi-

344 1111 413 1176 tori
433 1105 561 1175 traditis
579 1105 662 1170 actio
683 1104 921 1190 hypothecaria
940 1105 1076 1192 cogitari
1095 1125 1166 1169 non
1184 1110 1303 1188 potest,
1332 1099 1382 1162 nisi

344 1208 493 1278 creditor
512 1207 657 1273 omiserit
680 1228 791 1275 carum
812 1210 1066 1294 possessionem.
1134 1202 1295 1283 Quamdiu
1313 1205 1382 1264 enin

341 1313 460 1398 pignus
480 1309 647 1396 possidet,
665 1313 747 1396 'jam
767 1312 978 1397 possessione
1002 1320 1035 1375 et
1058 1313 1248 1375 retentione
1269 1322 1381 1367 securos

344 1424 411 1496 est,
431 1422 659 1499 praeterquam
682 1412 712 1476 ei
736 1413 772 1476 id
793 1413 833 1476 ab
853 1413 920 1476 elio
943 1406 1148 1490 sindicdtur,
1179 1409 1233 1476 cui
1253 1403 1381 1488 exceptio

342 1539 362 1582 a
383 1515 550 1584 creditore
575 1513 764 1599 objicienda*
781 1514 859 1596 erit,
897 1515 1081 1580 debitorem
1101 1494 1208 1578 inisse
1229 1509 1382 1574 dominon.

297 1649 301 1662 ·
339 1619 407 1686 Sed
428 1616 503 1682 fieri
519 1616 581 1682 vix
600 1617 744 1702 poterit,
778 1627 833 1700 ut,
870 1617 931 1683 etsi
957 1638 1026 1682 eam
1053 1616 1281 1702 exceptionem
1303 1609 1382 1694 obje-

340 1721 426 1785 cerit
449 1717 615 1799 creditor,
634 1729 742 1782 tamen
765 1720 808 1784 ad
827 1741 898 1784 eam
918 1717 1123 1814 probandam
1146 1725 1299 1800 cogatur,
1323 1711 1382 1793 qnia

332 1803 406 1910 'jam
434 1821 554 1884 favore
579 1821 801 1905 possessionis
830 1826 908 1886 cutia
944 1820 1142 1886 defenditur.
1208 1817 1381 1894 Plerumque

220 1939 224 1948 ’
338 1923 480 1990 sufficiet
499 1941 519 1984 a
538 1921 704 1986 creditore
728 1927 881 2010 probari,
910 1923 1095 1990 debitorem
1114 1917 1289 2006 aliqnando
1309 1917 1380 2000 justo

335 2024 438 2088 titulo
463 2043 536 2088 rem
569 2025 797 2108 acquisivisse,
836 2027 978 2091 mutina
1003 2023 1036 2088 ei
1059 2025 1252 2090 Publiciana
1277 2018 1381 2081 oenone

333 2127 426 2192 nitor
447 2125 566 2208 pignus
588 2124 675 2189 illud
694 2130 841 2212 petierit.
886 2127 957 2194 Jum
969 2149 1082 2207 vero,
1109 2128 1138 2193 si
1160 2129 1234 2210 ipse
1257 2117 1381 2184 creditor

335 2229 457 2291 amiam
485 2227 694 2310 possessione
718 2233 835 2316 pignus
863 2237 994 2298 actione
1022 2226 1261 2318 hypothecaria
1285 2236 1379 2305 perte·

334 2331 470 2446 quitur,
503 2327 663 2394 adversus
684 2329 870 2400 debitorem
895 2342 929 2396 et
959 2353 1034 2396 oum
1062 2347 1306 2422 posteriorem,
1338 2317 1378 2402 qui
1423 2327 1424 2404 l

336 2449 410 2496 rem
428 2429 563 2513 pignpri
589 2429 696 2496 datam
724 2436 810 2498 nb
787 2457 872 2520 ipso
907 2435 1059 2500 debitore
1087 2431 1276 2516 acquisivit,
1314 2445 1376 2510 pro·
1423 2409 1424 2482 l

336 2531 445 2596 banda
465 2532 590 2593 tantem
616 2543 667 2595 eat
690 2523 945 2620 oppignoratio,
966 2536 1125 2600 adversus
1148 2555 1243 2616 eum,
1265 2531 1380 2617 quinon

330 2635 546 2714 ¹debitorem,
589 2634 651 2698 ted
677 2637 777 2706 elium
805 2640 953 2723 agnoscit
982 2647 1150 2702 auctorem
1172 2627 1379 2720 porrectionis,

336 2737 475 2821 probari
495 2736 609 2820 debet,
655 2739 800 2805 debitori
827 2743 881 2828 jus
909 2739 1153 2826 oppignorandi
1184 2760 1225 2802 eo
1253 2744 1380 2813 tempore

329 2839 455 2920 fluisse,
477 2859 543 2924 quo
565 2842 700 2927 pignori
722 2863 793 2906 rem
817 2845 928 2924 daret,
949 2863 1028 2926 ergo
1051 2851 1107 2904 ιιι
1129 2862 1203 2904 enm
1221 2831 1379 2904 fuissedo·

336 2940 478 3018 ιιίιιιιιι,
499 2951 557 3007 ιιι
579 2946 696 3008 saltem
717 2945 850 3009 meliori
871 2947 947 3031 jure
970 2945 1176 3030 possedisse,
1207 2960 1299 3025 quam
1314 2951 1378 3003 eun,

319 3042 392 3162 Α-ςιιὶ
412 3065 499 3107 nunc
518 3047 683 3128 possidet,
713 3050 828 3134 ejusve
848 3059 1033 3127 auctorem,
1064 3055 1121 3107 aut
1140 3045 1311 3108 voluntete
1331 3033 1379 3096 do·

259 3199 264 3208 .
335 3147 416 3216 mini
436 3167 508 3208 rem
529 3147 593 3209 aibi
614 3169 634 3210 a
658 3151 819 3214 debitore
838 3153 940 3214 fnisse
970 3151 1155 3266 obligatam.

328 3269 332 3278 '
416 3241 535 3321 Quid
523 3267 559 3308 ιι
575 3250 702 3313 actione
725 3253 767 3314 ad
784 3250 1002 3314 exhibendum
1022 3261 1056 3310 et
1074 3251 1109 3312 in
1135 3227 1313 3320 actionibus
1334 3255 1377 3300 rt·

334 3349 516 3429 scissoriia,
560 3351 677 3432 quibus
704 3353 862 3417 institutis
891 3371 934 3422 ex
953 3353 1029 3437 jore
1043 3350 1196 3416 Romano
1219 3343 1377 3414 dominiam

335 3451 435 3515 debet
449 3449 638 3536 probari,
624 3475 660 3516 ιιι
673 3453 816 3540 §antonia
828 3465 985 3520 mutatum
1006 3465 1063 3517 aut
1081 3456 1208 3536 legibue
1223 3447 1377 3514 confirmo·

333 3565 404 3617 tum
426 3555 545 3636 fuerit,
575 3558 688 3640 quaeri
708 3560 814 3622 adbuc
834 3559 969 3642 poterit.
1013 3558 1065 3619 Ad
1078 3577 1155 3620 enm
1175 3550 1377 3638 quaestionem

325 3678 353 3722 e·
332 3659 543 3739 respondeo
585 3684 639 3727 me
660 3661 777 3724 nibil
766 3683 802 3724 m
829 3663 904 3746 jure
935 3660 1099 3722 Saronico
1132 3647 1375 3740 deprehendisse

326 3759 422 3841 qnod
444 3782 464 3823 a
482 3762 558 3846 jure
583 3762 729 3829 Romano
754 3764 938 3827 abhorreat.
984 3762 1126 3824 Omnino
1154 3759 1274 3837 exiis,
1301 3759 1374 3856 quii

334 3859 423 3921 dicta
438 3874 537 3944 aunt,
568 3875 677 3950 patet,
704 3866 867 3950 principie
886 3863 974 3930 luris
994 3864 1131 3927 Romani
1154 3865 1331 3923 constanter
1348 3843 1375 3902 11²

333 3959 478 4026 Scironia
498 3983 569 4030 ease
586 3971 759 4034 observate
779 3979 813 4032 et
827 3971 1008 4032 etiamnunc
1022 3964 1208 4040 observari,
1229 3961 1291 4024 nin
1283 3954 1374 4016 'forte

332 4061 528 4132 investituris
542 4068 692 4172 ellodiqli
706 4073 844 4138 multum
859 4073 1061 4135 immutatum
1072 4069 1175 4134 inisse
1191 4064 1374 4131 arbitramur·

740 4269 1005 4288 ..un-*⁸*—
