<?xml version="1.0" encoding="UTF-8"?>
<!DOCTYPE html PUBLIC "-//W3C//DTD XHTML 1.0 Transitional//EN"
    "http://www.w3.org/TR/xhtml1/DTD/xhtml1-transitional.dtd">
<html xmlns="http://www.w3.org/1999/xhtml" xml:lang="en" lang="en">
 <head>
  <title>
</title>
<meta http-equiv="Content-Type" content="text/html;charset=utf-8" />
  <meta name='ocr-system' content='tesseract 3.04.00' />
  <meta name='ocr-capabilities' content='ocr_page ocr_carea ocr_par ocr_line ocrx_word'/>
</head>
<body>
  <div class='ocr_page' id='page_1' title='image "./dedominiiprobat00heimgoog_0059.png"; bbox 0 0 2960 5064; ppageno 0'>
   <div class='ocr_carea' id='block_1_1' title="bbox 200 276 337 424">
    <p class='ocr_par' dir='ltr' id='par_1_1' title="bbox 200 276 337 424">
     <span class='ocr_line' id='line_1_1' title="bbox 200 276 337 424; baseline 0.007 -1"><span class='ocrx_word' id='word_1_1' title='bbox 200 276 337 424; x_wconf 29' lang='lat'><strong>&#39;42</strong></span> 
     </span>
    </p>
   </div>
   <div class='ocr_carea' id='block_1_2' title="bbox 330 525 1386 842">
    <p class='ocr_par' dir='ltr' id='par_1_2' title="bbox 330 525 1386 842">
     <span class='ocr_line' id='line_1_2' title="bbox 330 525 1386 632; baseline -0.011 -15"><span class='ocrx_word' id='word_1_2' title='bbox 330 555 544 617; x_wconf 74' lang='lat' dir='ltr'><strong>instrumento</strong></span> <span class='ocrx_word' id='word_1_3' title='bbox 576 547 781 632; x_wconf 82' lang='lat' dir='ltr'><strong>praediorum</strong></span> <span class='ocrx_word' id='word_1_4' title='bbox 810 567 870 629; x_wconf 84' lang='lat' dir='ltr'><strong>per</strong></span> <span class='ocrx_word' id='word_1_5' title='bbox 895 525 1178 627; x_wconf 72' lang='lat' dir='ltr'><strong>fideicommissum</strong></span> <span class='ocrx_word' id='word_1_6' title='bbox 1216 545 1350 606; x_wconf 80' lang='lat' dir='ltr'><strong>relicto·</strong></span> <span class='ocrx_word' id='word_1_7' title='bbox 1385 553 1386 560; x_wconf 75' lang='grc'>’</span> 
     </span>
     <span class='ocr_line' id='line_1_3' title="bbox 330 647 1346 740; baseline -0.013 -19"><span class='ocrx_word' id='word_1_8' title='bbox 330 681 419 733; x_wconf 86' lang='lat' dir='ltr'><strong>rum,</strong></span> <span class='ocrx_word' id='word_1_9' title='bbox 461 677 540 740; x_wconf 79' lang='lat' dir='ltr'><strong>quus</strong></span> <span class='ocrx_word' id='word_1_10' title='bbox 568 655 615 718; x_wconf 82' lang='lat' dir='ltr'><strong>ad</strong></span> <span class='ocrx_word' id='word_1_11' title='bbox 636 653 850 738; x_wconf 78' lang='lat' dir='ltr'><em>probationem</em></span> <span class='ocrx_word' id='word_1_12' title='bbox 879 654 1011 738; x_wconf 77' lang='lat' dir='ltr'><strong>originis</strong></span> <span class='ocrx_word' id='word_1_13' title='bbox 1042 647 1148 714; x_wconf 81' lang='lat' dir='ltr'><strong>¹sorum</strong></span> <span class='ocrx_word' id='word_1_14' title='bbox 1169 652 1346 732; x_wconf 78' lang='lat' dir='ltr'><strong><em>pertinent,</em></strong></span> 
     </span>
     <span class='ocr_line' id='line_1_4' title="bbox 331 756 1348 842; baseline -0.009 -19"><span class='ocrx_word' id='word_1_15' title='bbox 331 760 458 823; x_wconf 75' lang='lat' dir='ltr'><strong>heredes</strong></span> <span class='ocrx_word' id='word_1_16' title='bbox 472 772 638 842; x_wconf 81' lang='lat' dir='ltr'><strong>praestare</strong></span> <span class='ocrx_word' id='word_1_17' title='bbox 656 779 786 840; x_wconf 77' lang='lat' dir='ltr'><strong>rsecesos¹</strong></span> <span class='ocrx_word' id='word_1_18' title='bbox 799 779 861 820; x_wconf 82' lang='lat' dir='ltr'><strong>nors</strong></span> <span class='ocrx_word' id='word_1_19' title='bbox 882 756 1017 820; x_wconf 71' lang='lat' dir='ltr'><strong>hubent.-</strong></span> <span class='ocrx_word' id='word_1_20' title='bbox 1038 759 1215 819; x_wconf 82' lang='lat' dir='ltr'><strong>cautionem</strong></span> <span class='ocrx_word' id='word_1_21' title='bbox 1236 764 1348 814; x_wconf 81' lang='lat' dir='ltr'><strong>tamen</strong></span> 
     </span>
    </p>
   </div>
   <div class='ocr_carea' id='block_1_3' title="bbox 325 859 1458 958">
    <p class='ocr_par' dir='ltr' id='par_1_3' title="bbox 325 859 1458 958">
     <span class='ocr_line' id='line_1_5' title="bbox 325 859 1458 958; baseline -0.012 -30"><span class='ocrx_word' id='word_1_22' title='bbox 325 878 492 950; x_wconf 84' lang='lat' dir='ltr'><strong>proestare</strong></span> <span class='ocrx_word' id='word_1_23' title='bbox 513 863 641 958; x_wconf 75' lang='lat' dir='ltr'><strong>dedere,</strong></span> <span class='ocrx_word' id='word_1_24' title='bbox 672 861 773 947; x_wconf 82' lang='lat' dir='ltr'><strong>quod,</strong></span> <span class='ocrx_word' id='word_1_25' title='bbox 809 864 841 922; x_wconf 85' lang='lat' dir='ltr'><strong>si</strong></span> <span class='ocrx_word' id='word_1_26' title='bbox 862 881 940 944; x_wconf 81' lang='lat' dir='ltr'><strong>opus</strong></span> <span class='ocrx_word' id='word_1_27' title='bbox 950 859 1074 942; x_wconf 84' lang='lat' dir='ltr'><strong>suerit,</strong></span> <span class='ocrx_word' id='word_1_28' title='bbox 1108 859 1266 943; x_wconf 78' lang='lat' dir='ltr'><strong>legatario</strong></span> <span class='ocrx_word' id='word_1_29' title='bbox 1286 877 1347 916; x_wconf 79' lang='lat' dir='ltr'><strong>esu</strong></span> <span class='ocrx_word' id='word_1_30' title='bbox 1457 923 1458 946; x_wconf 15' lang='grc' dir='ltr'><strong>χ</strong></span> 
     </span>
    </p>
   </div>
   <div class='ocr_carea' id='block_1_4' title="bbox 319 959 1150 1062">
    <p class='ocr_par' dir='ltr' id='par_1_4' title="bbox 319 959 1150 1062">
     <span class='ocr_line' id='line_1_6' title="bbox 319 959 1150 1062; baseline -0.001 -31"><span class='ocrx_word' id='word_1_31' title='bbox 319 969 615 1050; x_wconf 72' lang='lat' dir='ltr'><strong>fideicommissario</strong></span> <span class='ocrx_word' id='word_1_32' title='bbox 637 959 741 1052; x_wconf 74' lang='lat' dir='ltr'><strong>ipsa,&#39;.</strong></span> <span class='ocrx_word' id='word_1_33' title='bbox 754 969 784 1027; x_wconf 84' lang='lat' dir='ltr'><strong>si</strong></span> <span class='ocrx_word' id='word_1_34' title='bbox 804 965 960 1062; x_wconf 65' lang='lat' dir='ltr'><strong>itabant,</strong></span> <span class='ocrx_word' id='word_1_35' title='bbox 974 964 1150 1048; x_wconf 74' lang='lat' dir='ltr'><strong>proferunt·</strong></span> 
     </span>
    </p>
   </div>
   <div class='ocr_carea' id='block_1_5' title="bbox 284 1137 1386 1434">
    <p class='ocr_par' dir='ltr' id='par_1_5' title="bbox 284 1137 1386 1434">
     <span class='ocr_line' id='line_1_7' title="bbox 285 1137 1345 1219; baseline -0.011 -14"><span class='ocrx_word' id='word_1_36' title='bbox 285 1143 390 1208; x_wconf 86' lang='lat' dir='ltr'><strong>Sicuti</strong></span> <span class='ocrx_word' id='word_1_37' title='bbox 408 1139 485 1204; x_wconf 89' lang='lat' dir='ltr'><strong>loco</strong></span> <span class='ocrx_word' id='word_1_38' title='bbox 508 1151 603 1204; x_wconf 76' lang='lat' dir='ltr'><strong>anter</strong></span> <span class='ocrx_word' id='word_1_39' title='bbox 618 1139 770 1219; x_wconf 83' lang='lat' dir='ltr'><strong>laudato,</strong></span> <span class='ocrx_word' id='word_1_40' title='bbox 790 1139 837 1202; x_wconf 89' lang='lat' dir='ltr'><strong>itu</strong></span> <span class='ocrx_word' id='word_1_41' title='bbox 857 1138 1062 1202; x_wconf 70' lang='lat' dir='ltr'><strong>nuncetiam</strong></span> <span class='ocrx_word' id='word_1_42' title='bbox 1087 1137 1196 1200; x_wconf 87' lang='lat' dir='ltr'><strong>omnia</strong></span> <span class='ocrx_word' id='word_1_43' title='bbox 1219 1153 1259 1196; x_wconf 86' lang='lat' dir='ltr'><strong>eo</strong></span> <span class='ocrx_word' id='word_1_44' title='bbox 1282 1151 1345 1196; x_wconf 88' lang='lat' dir='ltr'><strong>re-</strong></span> 
     </span>
     <span class='ocr_line' id='line_1_8' title="bbox 285 1240 1386 1327; baseline -0.013 -18"><span class='ocrx_word' id='word_1_45' title='bbox 285 1249 403 1326; x_wconf 89' lang='lat' dir='ltr'><strong>deunt,</strong></span> <span class='ocrx_word' id='word_1_46' title='bbox 443 1253 485 1308; x_wconf 87' lang='lat' dir='ltr'><strong>&#39;ut</strong></span> <span class='ocrx_word' id='word_1_47' title='bbox 505 1243 724 1327; x_wconf 78' lang='lat' dir='ltr'><strong>explicemus,</strong></span> <span class='ocrx_word' id='word_1_48' title='bbox 769 1241 849 1324; x_wconf 83' lang='lat' dir='ltr'><strong>quid</strong></span> <span class='ocrx_word' id='word_1_49' title='bbox 871 1240 914 1306; x_wconf 92' lang='lat' dir='ltr'><strong>sit</strong></span> <span class='ocrx_word' id='word_1_50' title='bbox 930 1241 1074 1324; x_wconf 82' lang='lat' dir='ltr'><strong>probatio</strong></span> <span class='ocrx_word' id='word_1_51' title='bbox 1091 1242 1226 1327; x_wconf 81' lang='lat' dir='ltr'><strong>originis</strong></span> <span class='ocrx_word' id='word_1_52' title='bbox 1247 1255 1347 1322; x_wconf 85' lang='lat' dir='ltr'><strong>proe-</strong></span> <span class='ocrx_word' id='word_1_53' title='bbox 1383 1282 1386 1288; x_wconf 91' lang='lat'>.</span> 
     </span>
     <span class='ocr_line' id='line_1_9' title="bbox 284 1340 1345 1434; baseline -0.012 -21"><span class='ocrx_word' id='word_1_54' title='bbox 284 1351 425 1434; x_wconf 67' lang='lat' dir='ltr'><strong>diuam,</strong></span> <span class='ocrx_word' id='word_1_55' title='bbox 445 1357 492 1434; x_wconf 65' lang='lat' dir='ltr'><strong>‘ot</strong></span> <span class='ocrx_word' id='word_1_56' title='bbox 506 1351 661 1430; x_wconf 76' lang='lat' dir='ltr'><strong>quaenam</strong></span> <span class='ocrx_word' id='word_1_57' title='bbox 680 1345 894 1410; x_wconf 77' lang='lat' dir='ltr'><strong>iustrumenta</strong></span> <span class='ocrx_word' id='word_1_58' title='bbox 916 1341 1132 1426; x_wconf 74' lang='lat' dir='ltr'><strong>intelligenda</strong></span> <span class='ocrx_word' id='word_1_59' title='bbox 1151 1344 1233 1422; x_wconf 91' lang='lat' dir='ltr'><strong>sint,</strong></span> <span class='ocrx_word' id='word_1_60' title='bbox 1268 1340 1345 1424; x_wconf 84' lang='lat' dir='ltr'><strong>qni-</strong></span> 
     </span>
    </p>
   </div>
   <div class='ocr_carea' id='block_1_6' title="bbox 283 1447 1459 1535">
    <p class='ocr_par' dir='ltr' id='par_1_6' title="bbox 283 1447 1459 1535">
     <span class='ocr_line' id='line_1_10' title="bbox 283 1447 1459 1535; baseline -0.006 -18"><span class='ocrx_word' id='word_1_61' title='bbox 283 1456 349 1518; x_wconf 75' lang='lat' dir='ltr'><strong>nus</strong></span> <span class='ocrx_word' id='word_1_62' title='bbox 374 1466 412 1515; x_wconf 84' lang='lat' dir='ltr'><strong>ea</strong></span> <span class='ocrx_word' id='word_1_63' title='bbox 431 1450 585 1535; x_wconf 75' lang='lat' dir='ltr'><strong>probatio</strong></span> <span class='ocrx_word' id='word_1_64' title='bbox 605 1448 721 1534; x_wconf 85' lang='lat' dir='ltr'><strong>perfici</strong></span> <span class='ocrx_word' id='word_1_65' title='bbox 740 1451 856 1532; x_wconf 81' lang='lat' dir='ltr'><strong>possit.</strong></span> <span class='ocrx_word' id='word_1_66' title='bbox 921 1447 1072 1510; x_wconf 80' lang='lat' dir='ltr'><strong>Probutio</strong></span> <span class='ocrx_word' id='word_1_67' title='bbox 1098 1449 1232 1533; x_wconf 82' lang='lat' dir='ltr'><strong>originis</strong></span> <span class='ocrx_word' id='word_1_68' title='bbox 1250 1463 1348 1530; x_wconf 80' lang='lat' dir='ltr'><strong>prae-</strong></span> <span class='ocrx_word' id='word_1_69' title='bbox 1458 1502 1459 1510; x_wconf 73' lang='grc'>,</span> 
     </span>
    </p>
   </div>
   <div class='ocr_carea' id='block_1_7' title="bbox 281 1551 1346 1943">
    <p class='ocr_par' dir='ltr' id='par_1_7' title="bbox 281 1551 1346 1943">
     <span class='ocr_line' id='line_1_11' title="bbox 283 1551 1346 1636; baseline -0.008 -16"><span class='ocrx_word' id='word_1_70' title='bbox 283 1560 410 1620; x_wconf 80' lang='lat' dir='ltr'><strong>diorum</strong></span> <span class='ocrx_word' id='word_1_71' title='bbox 429 1553 495 1616; x_wconf 85' lang='lat' dir='ltr'><strong>hoo</strong></span> <span class='ocrx_word' id='word_1_72' title='bbox 519 1553 598 1616; x_wconf 85' lang='lat' dir='ltr'><strong>loeo</strong></span> <span class='ocrx_word' id='word_1_73' title='bbox 622 1551 801 1636; x_wconf 72' lang='lat' dir='ltr'><strong>significare</strong></span> <span class='ocrx_word' id='word_1_74' title='bbox 824 1551 909 1616; x_wconf 82' lang='lat' dir='ltr'>nihil</span> <span class='ocrx_word' id='word_1_75' title='bbox 940 1551 1031 1616; x_wconf 85' lang='lat' dir='ltr'><strong>eliud</strong></span> <span class='ocrx_word' id='word_1_76' title='bbox 1052 1551 1205 1632; x_wconf 84' lang='lat' dir='ltr'><strong>videtur,</strong></span> <span class='ocrx_word' id='word_1_77' title='bbox 1247 1569 1346 1634; x_wconf 83' lang='lat' dir='ltr'><strong>quum</strong></span> 
     </span>
     <span class='ocr_line' id='line_1_12' title="bbox 281 1647 1346 1744; baseline -0.008 -22"><span class='ocrx_word' id='word_1_78' title='bbox 281 1647 512 1744; x_wconf 82' lang='lat' dir='ltr'><strong>probationem</strong></span> <span class='ocrx_word' id='word_1_79' title='bbox 532 1653 641 1736; x_wconf 87' lang='lat' dir='ltr'><strong>modi,</strong></span> <span class='ocrx_word' id='word_1_80' title='bbox 680 1674 746 1740; x_wconf 81' lang='lat' dir='ltr'><strong>quo</strong></span> <span class='ocrx_word' id='word_1_81' title='bbox 768 1654 810 1718; x_wconf 86' lang='lat' dir='ltr'><strong>ed</strong></span> <span class='ocrx_word' id='word_1_82' title='bbox 832 1664 1023 1720; x_wconf 76' lang='lat' dir='ltr'><strong>testatorem</strong></span> <span class='ocrx_word' id='word_1_83' title='bbox 1050 1674 1088 1716; x_wconf 88' lang='lat' dir='ltr'><strong>eu</strong></span> <span class='ocrx_word' id='word_1_84' title='bbox 1108 1654 1243 1736; x_wconf 78' lang='lat' dir='ltr'><strong>praedia</strong></span> <span class='ocrx_word' id='word_1_85' title='bbox 1262 1672 1346 1736; x_wconf 87' lang='lat' dir='ltr'><strong>per·</strong></span> 
     </span>
     <span class='ocr_line' id='line_1_13' title="bbox 281 1755 1345 1842; baseline -0.009 -17"><span class='ocrx_word' id='word_1_86' title='bbox 281 1763 456 1842; x_wconf 75' lang='lat' dir='ltr'><strong>⁷senerint,</strong></span> <span class='ocrx_word' id='word_1_87' title='bbox 500 1777 581 1842; x_wconf 83' lang='lat' dir='ltr'><strong>quae</strong></span> <span class='ocrx_word' id='word_1_88' title='bbox 605 1760 646 1822; x_wconf 82' lang='lat' dir='ltr'><strong>eb</strong></span> <span class='ocrx_word' id='word_1_89' title='bbox 682 1779 722 1821; x_wconf 89' lang='lat' dir='ltr'><strong>eo</strong></span> <span class='ocrx_word' id='word_1_90' title='bbox 750 1767 945 1824; x_wconf 79' lang='lat' dir='ltr'><strong>testamento</strong></span> <span class='ocrx_word' id='word_1_91' title='bbox 967 1760 1072 1840; x_wconf 84' lang='lat' dir='ltr'><strong>leguts</strong></span> <span class='ocrx_word' id='word_1_92' title='bbox 1096 1764 1153 1820; x_wconf 84' lang='lat' dir='ltr'><strong>aut</strong></span> <span class='ocrx_word' id='word_1_93' title='bbox 1169 1755 1345 1819; x_wconf 83' lang='lat' dir='ltr'><strong>fideicom-</strong></span> 
     </span>
     <span class='ocr_line' id='line_1_14' title="bbox 281 1858 1344 1943; baseline -0.008 -16"><span class='ocrx_word' id='word_1_94' title='bbox 281 1865 383 1927; x_wconf 88' lang='lat' dir='ltr'><strong>misso</strong></span> <span class='ocrx_word' id='word_1_95' title='bbox 404 1861 521 1926; x_wconf 86' lang='lat' dir='ltr'><strong>relicta</strong></span> <span class='ocrx_word' id='word_1_96' title='bbox 540 1870 624 1926; x_wconf 88' lang='lat' dir='ltr'><strong>sunt.</strong></span> <span class='ocrx_word' id='word_1_97' title='bbox 666 1859 884 1926; x_wconf 72' lang='lat' dir='ltr'><strong>Instrumenta</strong></span> <span class='ocrx_word' id='word_1_98' title='bbox 902 1871 1026 1942; x_wconf 88' lang='lat' dir='ltr'><strong>autam,</strong></span> <span class='ocrx_word' id='word_1_99' title='bbox 1048 1879 1129 1943; x_wconf 84' lang='lat' dir='ltr'><strong>quae</strong></span> <span class='ocrx_word' id='word_1_100' title='bbox 1152 1858 1194 1922; x_wconf 89' lang='lat' dir='ltr'><strong>ad</strong></span> <span class='ocrx_word' id='word_1_101' title='bbox 1216 1859 1344 1941; x_wconf 86' lang='lat' dir='ltr'><strong>proba-</strong></span> 
     </span>
    </p>
   </div>
   <div class='ocr_carea' id='block_1_8' title="bbox 160 1959 1459 2151">
    <p class='ocr_par' dir='ltr' id='par_1_8' title="bbox 160 1959 1459 2151">
     <span class='ocr_line' id='line_1_15' title="bbox 281 1959 1459 2050; baseline -0.01 -20"><span class='ocrx_word' id='word_1_102' title='bbox 281 1968 409 2033; x_wconf 77' lang='lat' dir='ltr'><strong>tionem</strong></span> <span class='ocrx_word' id='word_1_103' title='bbox 446 1962 581 2047; x_wconf 71' lang='lat' dir='ltr'><strong>originis</strong></span> <span class='ocrx_word' id='word_1_104' title='bbox 611 1963 741 2049; x_wconf 85' lang='lat' dir='ltr'><strong>praedii</strong></span> <span class='ocrx_word' id='word_1_105' title='bbox 775 1964 876 2048; x_wconf 79' lang='lat' dir='ltr'><strong>legati</strong></span> <span class='ocrx_word' id='word_1_106' title='bbox 900 1964 1084 2050; x_wconf 81' lang='lat' dir='ltr'><strong>pertinent,</strong></span> <span class='ocrx_word' id='word_1_107' title='bbox 1131 1971 1207 2024; x_wconf 88' lang='lat' dir='ltr'><strong>sunt</strong></span> <span class='ocrx_word' id='word_1_108' title='bbox 1234 1959 1347 2022; x_wconf 86' lang='lat' dir='ltr'><strong>omniu</strong></span> <span class='ocrx_word' id='word_1_109' title='bbox 1458 1999 1459 2020; x_wconf 42' lang='lat'>1</span> 
     </span>
     <span class='ocr_line' id='line_1_16' title="bbox 160 2063 1348 2151; baseline -0.01 -15"><span class='ocrx_word' id='word_1_110' title='bbox 160 2137 163 2144; x_wconf 81' lang='grc'><em>,</em></span> <span class='ocrx_word' id='word_1_111' title='bbox 273 2068 499 2146; x_wconf 55' lang='lat' dir='ltr'><strong>&#39;documentn</strong></span> <span class='ocrx_word' id='word_1_112' title='bbox 542 2066 660 2151; x_wconf 83' lang='lat' dir='ltr'><strong>quibus</strong></span> <span class='ocrx_word' id='word_1_113' title='bbox 690 2067 891 2148; x_wconf 75' lang='lat' dir='ltr'><strong>ostenditur,</strong></span> <span class='ocrx_word' id='word_1_114' title='bbox 932 2085 1039 2150; x_wconf 81' lang='lat' dir='ltr'><strong>aquo</strong></span> <span class='ocrx_word' id='word_1_115' title='bbox 1062 2075 1096 2129; x_wconf 85' lang='lat' dir='ltr'><strong>et</strong></span> <span class='ocrx_word' id='word_1_116' title='bbox 1116 2063 1285 2148; x_wconf 89' lang='lat' dir='ltr'><strong>quomodo</strong></span> <span class='ocrx_word' id='word_1_117' title='bbox 1308 2079 1348 2124; x_wconf 86' lang='lat' dir='ltr'><strong>ea</strong></span> 
     </span>
    </p>
   </div>
   <div class='ocr_carea' id='block_1_9' title="bbox 219 2165 1347 3586">
    <p class='ocr_par' dir='ltr' id='par_1_9' title="bbox 219 2165 1347 3586">
     <span class='ocr_line' id='line_1_17' title="bbox 279 2165 1346 2255; baseline -0.007 -22"><span class='ocrx_word' id='word_1_118' title='bbox 279 2169 416 2253; x_wconf 74' lang='lat' dir='ltr'><strong>praedia</strong></span> <span class='ocrx_word' id='word_1_119' title='bbox 435 2176 575 2232; x_wconf 88' lang='lat' dir='ltr'><strong>testator</strong></span> <span class='ocrx_word' id='word_1_120' title='bbox 595 2171 814 2254; x_wconf 76' lang='lat' dir='ltr'><strong>requisiverit.</strong></span> <span class='ocrx_word' id='word_1_121' title='bbox 879 2167 932 2234; x_wconf 82' lang='lat' dir='ltr'><strong>Ad</strong></span> <span class='ocrx_word' id='word_1_122' title='bbox 960 2169 1193 2255; x_wconf 70' lang='lat' dir='ltr'><strong>sepertinere</strong></span> <span class='ocrx_word' id='word_1_123' title='bbox 1220 2165 1346 2228; x_wconf 84' lang='lat' dir='ltr'><strong>instru-</strong></span> 
     </span>
     <span class='ocr_line' id='line_1_18' title="bbox 280 2270 1346 2357; baseline -0.005 -23"><span class='ocrx_word' id='word_1_124' title='bbox 280 2281 390 2334; x_wconf 80' lang='lat' dir='ltr'><strong>mente</strong></span> <span class='ocrx_word' id='word_1_125' title='bbox 410 2270 589 2336; x_wconf 77' lang='lat' dir='ltr'><strong>emtionem</strong></span> <span class='ocrx_word' id='word_1_126' title='bbox 604 2274 789 2340; x_wconf 75' lang='lat' dir='ltr'><strong>aliorumve</strong></span> <span class='ocrx_word' id='word_1_127' title='bbox 803 2275 1013 2357; x_wconf 81' lang='lat' dir='ltr'><strong>negotiorum</strong></span> <span class='ocrx_word' id='word_1_128' title='bbox 1033 2270 1215 2336; x_wconf 82' lang='lat' dir='ltr'><strong>dominium</strong></span> <span class='ocrx_word' id='word_1_129' title='bbox 1234 2277 1346 2329; x_wconf 83' lang='lat' dir='ltr'><strong>truns-</strong></span> 
     </span>
     <span class='ocr_line' id='line_1_19' title="bbox 280 2367 1347 2463; baseline -0.007 -26"><span class='ocrx_word' id='word_1_130' title='bbox 280 2372 478 2451; x_wconf 75' lang='lat' dir='ltr'><strong>ferentium,</strong></span> <span class='ocrx_word' id='word_1_131' title='bbox 519 2367 637 2458; x_wconf 79' lang='lat' dir='ltr'><strong>qisibus</strong></span> <span class='ocrx_word' id='word_1_132' title='bbox 662 2384 804 2440; x_wconf 79' lang='lat' dir='ltr'><strong>testatos</strong></span> <span class='ocrx_word' id='word_1_133' title='bbox 829 2377 944 2463; x_wconf 80' lang='lat' dir='ltr'><strong>ejusve</strong></span> <span class='ocrx_word' id='word_1_134' title='bbox 981 2385 1133 2442; x_wconf 83' lang='lat' dir='ltr'><strong>suctores</strong></span> <span class='ocrx_word' id='word_1_135' title='bbox 1164 2369 1347 2436; x_wconf 87' lang='lat' dir='ltr'><strong>dominium</strong></span> 
     </span>
     <span class='ocr_line' id='line_1_20' title="bbox 279 2469 1343 2568; baseline 0.001 -31"><span class='ocrx_word' id='word_1_136' title='bbox 279 2474 411 2568; x_wconf 71' lang='lat' dir='ltr'><strong>praedii</strong></span> <span class='ocrx_word' id='word_1_137' title='bbox 431 2475 495 2538; x_wconf 89' lang='lat' dir='ltr'><strong>sibi</strong></span> <span class='ocrx_word' id='word_1_138' title='bbox 517 2487 801 2561; x_wconf 73' lang='lat' dir='ltr'><strong>comparaverunt.</strong></span> <span class='ocrx_word' id='word_1_139' title='bbox 843 2480 913 2546; x_wconf 85' lang='lat' dir='ltr'><strong>Jum</strong></span> <span class='ocrx_word' id='word_1_140' title='bbox 937 2479 965 2544; x_wconf 91' lang='lat' dir='ltr'><strong>si</strong></span> <span class='ocrx_word' id='word_1_141' title='bbox 985 2477 1169 2562; x_wconf 80' lang='lat' dir='ltr'><strong>quaeritur,</strong></span> <span class='ocrx_word' id='word_1_142' title='bbox 1212 2469 1343 2558; x_wconf 74' lang='lat' dir='ltr'><strong>quaudo</strong></span> 
     </span>
     <span class='ocr_line' id='line_1_21' title="bbox 280 2575 1345 2664; baseline -0.006 -22"><span class='ocrx_word' id='word_1_143' title='bbox 280 2575 475 2658; x_wconf 72' lang='lat' dir='ltr'><strong>legatarius,</strong></span> <span class='ocrx_word' id='word_1_144' title='bbox 497 2580 551 2642; x_wconf 90' lang='lat' dir='ltr'><strong>cui</strong></span> <span class='ocrx_word' id='word_1_145' title='bbox 571 2580 743 2664; x_wconf 80' lang='lat' dir='ltr'><strong>praedium</strong></span> <span class='ocrx_word' id='word_1_146' title='bbox 760 2584 913 2650; x_wconf 86' lang='lat' dir='ltr'><strong>relictum</strong></span> <span class='ocrx_word' id='word_1_147' title='bbox 930 2593 986 2659; x_wconf 83' lang='lat' dir='ltr'><strong>est,</strong></span> <span class='ocrx_word' id='word_1_148' title='bbox 1004 2577 1197 2664; x_wconf 87' lang='lat' dir='ltr'><strong>hujusmodi</strong></span> <span class='ocrx_word' id='word_1_149' title='bbox 1216 2576 1345 2637; x_wconf 87' lang='lat' dir='ltr'><strong>instru-</strong></span> 
     </span>
     <span class='ocr_line' id='line_1_22' title="bbox 281 2681 1346 2768; baseline -0.005 -24"><span class='ocrx_word' id='word_1_150' title='bbox 281 2681 415 2759; x_wconf 87' lang='lat' dir='ltr'><strong>mentis,</strong></span> <span class='ocrx_word' id='word_1_151' title='bbox 457 2681 574 2764; x_wconf 81' lang='lat' dir='ltr'><strong>quibus</strong></span> <span class='ocrx_word' id='word_1_152' title='bbox 610 2683 792 2750; x_wconf 82' lang='lat' dir='ltr'><strong>dominium</strong></span> <span class='ocrx_word' id='word_1_153' title='bbox 825 2686 993 2752; x_wconf 86' lang='lat' dir='ltr'><strong>testatoris</strong></span> <span class='ocrx_word' id='word_1_154' title='bbox 1031 2683 1152 2768; x_wconf 78' lang='lat' dir='ltr'><strong>ejusve</strong></span> <span class='ocrx_word' id='word_1_155' title='bbox 1174 2687 1346 2742; x_wconf 84' lang='lat' dir='ltr'><strong>unctorum</strong></span> 
     </span>
     <span class='ocr_line' id='line_1_23' title="bbox 281 2781 1347 2875; baseline -0.003 -29"><span class='ocrx_word' id='word_1_156' title='bbox 281 2783 485 2867; x_wconf 72' lang='lat' dir='ltr'><strong>ostenditur,</strong></span> <span class='ocrx_word' id='word_1_157' title='bbox 519 2784 681 2868; x_wconf 83' lang='lat' dir='ltr'><strong>indigeat,</strong></span> <span class='ocrx_word' id='word_1_158' title='bbox 717 2789 797 2873; x_wconf 88' lang='lat' dir='ltr'><strong>quid</strong></span> <span class='ocrx_word' id='word_1_159' title='bbox 815 2784 1110 2875; x_wconf 69' lang='lat' dir='ltr'><strong>respondebimus?</strong></span> <span class='ocrx_word' id='word_1_160' title='bbox 1152 2781 1243 2844; x_wconf 80' lang='lat' dir='ltr'><strong>illud</strong></span> <span class='ocrx_word' id='word_1_161' title='bbox 1260 2803 1347 2866; x_wconf 87' lang='lat' dir='ltr'><strong>pro-</strong></span> 
     </span>
     <span class='ocr_line' id='line_1_24' title="bbox 278 2883 1345 2968; baseline -0.004 -19"><span class='ocrx_word' id='word_1_162' title='bbox 278 2887 388 2965; x_wconf 79' lang='lat' dir='ltr'><strong>fecto,</strong></span> <span class='ocrx_word' id='word_1_163' title='bbox 411 2883 603 2968; x_wconf 72' lang='lat' dir='ltr'><strong>legatarium</strong></span> <span class='ocrx_word' id='word_1_164' title='bbox 622 2888 675 2952; x_wconf 82' lang='lat' dir='ltr'><strong>his</strong></span> <span class='ocrx_word' id='word_1_165' title='bbox 693 2891 917 2956; x_wconf 85' lang='lat' dir='ltr'><strong>instrumentis</strong></span> <span class='ocrx_word' id='word_1_166' title='bbox 939 2913 1009 2956; x_wconf 90' lang='lat' dir='ltr'><strong>non</strong></span> <span class='ocrx_word' id='word_1_167' title='bbox 1029 2887 1195 2968; x_wconf 76' lang='lat' dir='ltr'><strong>indigere,</strong></span> <span class='ocrx_word' id='word_1_168' title='bbox 1214 2884 1281 2948; x_wconf 89' lang='lat' dir='ltr'><strong>nisi</strong></span> <span class='ocrx_word' id='word_1_169' title='bbox 1303 2885 1345 2946; x_wconf 87' lang='lat' dir='ltr'><strong>de</strong></span> 
     </span>
     <span class='ocr_line' id='line_1_25' title="bbox 219 2987 1345 3072; baseline -0.004 -20"><span class='ocrx_word' id='word_1_170' title='bbox 219 3003 221 3008; x_wconf 90' lang='grc'><strong><em>·</em></strong></span> <span class='ocrx_word' id='word_1_171' title='bbox 280 2989 429 3052; x_wconf 89' lang='lat' dir='ltr'><strong>dominio</strong></span> <span class='ocrx_word' id='word_1_172' title='bbox 449 2988 501 3054; x_wconf 86' lang='lat' dir='ltr'><strong>rei</strong></span> <span class='ocrx_word' id='word_1_173' title='bbox 526 2988 652 3072; x_wconf 76' lang='lat' dir='ltr'><strong>legstse</strong></span> <span class='ocrx_word' id='word_1_174' title='bbox 681 3016 755 3060; x_wconf 88' lang='lat' dir='ltr'><strong>eum</strong></span> <span class='ocrx_word' id='word_1_175' title='bbox 779 3005 937 3058; x_wconf 84' lang='lat' dir='ltr'><strong>extraneo</strong></span> <span class='ocrx_word' id='word_1_176' title='bbox 969 3000 1090 3070; x_wconf 86' lang='lat' dir='ltr'><strong>certet,</strong></span> <span class='ocrx_word' id='word_1_177' title='bbox 1132 2989 1169 3052; x_wconf 91' lang='lat' dir='ltr'><strong>in</strong></span> <span class='ocrx_word' id='word_1_178' title='bbox 1199 2987 1345 3072; x_wconf 82' lang='lat' dir='ltr'><strong>qualite</strong></span> 
     </span>
     <span class='ocr_line' id='line_1_26' title="bbox 278 3090 1345 3180; baseline 0.002 -30"><span class='ocrx_word' id='word_1_179' title='bbox 278 3090 475 3171; x_wconf 69' lang='lat' dir='ltr'><strong>legatarius,</strong></span> <span class='ocrx_word' id='word_1_180' title='bbox 496 3093 568 3157; x_wconf 85' lang='lat' dir='ltr'><strong>sive</strong></span> <span class='ocrx_word' id='word_1_181' title='bbox 588 3097 810 3160; x_wconf 78' lang='lat' dir='ltr'><strong>vindicaverit</strong></span> <span class='ocrx_word' id='word_1_182' title='bbox 828 3117 900 3162; x_wconf 86' lang='lat' dir='ltr'><strong>rem</strong></span> <span class='ocrx_word' id='word_1_183' title='bbox 923 3098 1080 3180; x_wconf 74' lang='lat' dir='ltr'><strong>legatam,</strong></span> <span class='ocrx_word' id='word_1_184' title='bbox 1103 3094 1175 3158; x_wconf 80' lang='lat' dir='ltr'><strong>sire</strong></span> <span class='ocrx_word' id='word_1_185' title='bbox 1199 3090 1256 3152; x_wconf 84' lang='lat' dir='ltr'><strong>ulii</strong></span> <span class='ocrx_word' id='word_1_186' title='bbox 1276 3109 1345 3152; x_wconf 86' lang='lat' dir='ltr'><strong>eum</strong></span> 
     </span>
     <span class='ocr_line' id='line_1_27' title="bbox 277 3190 1346 3282; baseline 0 -26"><span class='ocrx_word' id='word_1_187' title='bbox 277 3190 479 3273; x_wconf 70' lang='lat' dir='ltr'><strong>¹vindicanti,</strong></span> <span class='ocrx_word' id='word_1_188' title='bbox 524 3197 752 3279; x_wconf 84' lang='lat' dir='ltr'><strong>exceptionem</strong></span> <span class='ocrx_word' id='word_1_189' title='bbox 773 3196 912 3262; x_wconf 87' lang='lat' dir='ltr'><strong>dominii</strong></span> <span class='ocrx_word' id='word_1_190' title='bbox 936 3198 1114 3282; x_wconf 82' lang='lat' dir='ltr'><strong>objecerit,</strong></span> <span class='ocrx_word' id='word_1_191' title='bbox 1154 3201 1346 3268; x_wconf 75' lang='lat' dir='ltr'><strong>testatorem</strong></span> 
     </span>
     <span class='ocr_line' id='line_1_28' title="bbox 280 3291 1344 3384; baseline 0.004 -30"><span class='ocrx_word' id='word_1_192' title='bbox 280 3291 451 3358; x_wconf 85' lang='lat' dir='ltr'><strong>dominum</strong></span> <span class='ocrx_word' id='word_1_193' title='bbox 475 3297 547 3382; x_wconf 85' lang='lat' dir='ltr'><strong>ejus</strong></span> <span class='ocrx_word' id='word_1_194' title='bbox 566 3299 669 3361; x_wconf 81' lang='lat' dir='ltr'><strong>inisse</strong></span> <span class='ocrx_word' id='word_1_195' title='bbox 688 3299 834 3384; x_wconf 87' lang='lat' dir='ltr'><strong>ideoque</strong></span> <span class='ocrx_word' id='word_1_196' title='bbox 860 3321 896 3365; x_wconf 87' lang='lat' dir='ltr'><strong>se</strong></span> <span class='ocrx_word' id='word_1_197' title='bbox 917 3301 1013 3364; x_wconf 88' lang='lat' dir='ltr'><strong>etiam</strong></span> <span class='ocrx_word' id='word_1_198' title='bbox 1034 3298 1214 3366; x_wconf 87' lang='lat' dir='ltr'><strong>dominium</strong></span> <span class='ocrx_word' id='word_1_199' title='bbox 1233 3296 1344 3378; x_wconf 76' lang='lat' dir='ltr'><strong>legato</strong></span> 
     </span>
     <span class='ocr_line' id='line_1_29' title="bbox 279 3395 1344 3484; baseline 0.004 -28"><span class='ocrx_word' id='word_1_200' title='bbox 279 3396 457 3480; x_wconf 85' lang='lat' dir='ltr'><strong>accepisse,</strong></span> <span class='ocrx_word' id='word_1_201' title='bbox 498 3401 644 3484; x_wconf 87' lang='lat' dir='ltr'><strong>probare</strong></span> <span class='ocrx_word' id='word_1_202' title='bbox 672 3402 800 3468; x_wconf 82' lang='lat' dir='ltr'><strong>debent.</strong></span> <span class='ocrx_word' id='word_1_203' title='bbox 866 3395 987 3472; x_wconf 78' lang='lat' dir='ltr'><strong>Nonne</strong></span> <span class='ocrx_word' id='word_1_204' title='bbox 1007 3403 1069 3466; x_wconf 88' lang='lat' dir='ltr'><strong>hac</strong></span> <span class='ocrx_word' id='word_1_205' title='bbox 1096 3402 1171 3483; x_wconf 85' lang='lat' dir='ltr'><strong>lege</strong></span> <span class='ocrx_word' id='word_1_206' title='bbox 1189 3399 1344 3482; x_wconf 81' lang='lat' dir='ltr'><strong>probatio</strong></span> 
     </span>
     <span class='ocr_line' id='line_1_30' title="bbox 278 3496 1347 3586; baseline 0 -23"><span class='ocrx_word' id='word_1_207' title='bbox 278 3496 418 3566; x_wconf 85' lang='lat' dir='ltr'><strong>dominii</strong></span> <span class='ocrx_word' id='word_1_208' title='bbox 436 3505 581 3570; x_wconf 82' lang='lat' dir='ltr'><strong>auctoris</strong></span> <span class='ocrx_word' id='word_1_209' title='bbox 600 3505 839 3574; x_wconf 76' lang='lat' dir='ltr'><strong>confirmatur?</strong></span> <span class='ocrx_word' id='word_1_210' title='bbox 882 3506 983 3586; x_wconf 87' lang='lat' dir='ltr'><strong>Quod</strong></span> <span class='ocrx_word' id='word_1_211' title='bbox 1008 3506 1036 3570; x_wconf 93' lang='lat' dir='ltr'><strong>si</strong></span> <span class='ocrx_word' id='word_1_212' title='bbox 1058 3506 1155 3570; x_wconf 81' lang='lat' dir='ltr'><strong>ulitur</strong></span> <span class='ocrx_word' id='word_1_213' title='bbox 1179 3496 1347 3585; x_wconf 71' lang='lat' dir='ltr'><strong>probatio-</strong></span> 
     </span>
    </p>
   </div>
   <div class='ocr_carea' id='block_1_10' title="bbox 143 3593 1348 3697">
    <p class='ocr_par' dir='ltr' id='par_1_10' title="bbox 143 3593 1348 3697">
     <span class='ocr_line' id='line_1_31' title="bbox 143 3593 1348 3697; baseline 0.002 -30"><span class='ocrx_word' id='word_1_214' title='bbox 143 3593 149 3604; x_wconf 76' lang='grc'>’</span> <span class='ocrx_word' id='word_1_215' title='bbox 227 3685 228 3690; x_wconf 12' lang='lat'>¹</span> <span class='ocrx_word' id='word_1_216' title='bbox 278 3625 350 3666; x_wconf 83' lang='lat' dir='ltr'><strong>nem</strong></span> <span class='ocrx_word' id='word_1_217' title='bbox 371 3609 504 3690; x_wconf 80' lang='lat' dir='ltr'><strong>originis</strong></span> <span class='ocrx_word' id='word_1_218' title='bbox 523 3610 652 3693; x_wconf 84' lang='lat' dir='ltr'><strong>praedii</strong></span> <span class='ocrx_word' id='word_1_219' title='bbox 670 3614 772 3697; x_wconf 80' lang='lat' dir='ltr'><strong>legati</strong></span> <span class='ocrx_word' id='word_1_220' title='bbox 799 3610 1011 3696; x_wconf 75' lang='lat' dir='ltr'><strong>interpretari</strong></span> <span class='ocrx_word' id='word_1_221' title='bbox 1031 3609 1196 3687; x_wconf 81' lang='lat' dir='ltr'><strong>volueris,</strong></span> <span class='ocrx_word' id='word_1_222' title='bbox 1237 3615 1348 3670; x_wconf 86' lang='lat' dir='ltr'><strong>tamen</strong></span> 
     </span>
    </p>
   </div>
   <div class='ocr_carea' id='block_1_11' title="bbox 276 3707 1390 4207">
    <p class='ocr_par' dir='ltr' id='par_1_11' title="bbox 276 3707 1390 4207">
     <span class='ocr_line' id='line_1_32' title="bbox 278 3707 1345 3795; baseline -0.004 -21"><span class='ocrx_word' id='word_1_223' title='bbox 278 3707 425 3788; x_wconf 71' lang='lat' dir='ltr'><strong>videbis,</strong></span> <span class='ocrx_word' id='word_1_224' title='bbox 448 3727 487 3770; x_wconf 86' lang='lat' dir='ltr'><strong>eu</strong></span> <span class='ocrx_word' id='word_1_225' title='bbox 503 3711 576 3792; x_wconf 86' lang='lat' dir='ltr'><strong>ipsa</strong></span> <span class='ocrx_word' id='word_1_226' title='bbox 597 3715 701 3776; x_wconf 84' lang='lat' dir='ltr'><strong>verbe</strong></span> <span class='ocrx_word' id='word_1_227' title='bbox 719 3714 763 3778; x_wconf 84' lang='lat' dir='ltr'><strong>ud</strong></span> <span class='ocrx_word' id='word_1_228' title='bbox 784 3714 924 3779; x_wconf 87' lang='lat' dir='ltr'><strong>dominii</strong></span> <span class='ocrx_word' id='word_1_229' title='bbox 944 3711 1176 3795; x_wconf 74' lang='lat' dir='ltr'><strong>probationem</strong></span> <span class='ocrx_word' id='word_1_230' title='bbox 1200 3729 1271 3773; x_wconf 83' lang='lat' dir='ltr'><strong>asse</strong></span> <span class='ocrx_word' id='word_1_231' title='bbox 1287 3729 1345 3774; x_wconf 87' lang='lat' dir='ltr'><strong>re-</strong></span> 
     </span>
     <span class='ocr_line' id='line_1_33' title="bbox 278 3809 1344 3897; baseline -0.001 -23"><span class='ocrx_word' id='word_1_232' title='bbox 278 3809 427 3874; x_wconf 82' lang='lat' dir='ltr'><strong>ferenda.</strong></span> <span class='ocrx_word' id='word_1_233' title='bbox 469 3809 602 3876; x_wconf 84' lang='lat' dir='ltr'><strong>Dixeris</strong></span> <span class='ocrx_word' id='word_1_234' title='bbox 620 3813 780 3895; x_wconf 81' lang='lat' dir='ltr'><strong>sortasse,</strong></span> <span class='ocrx_word' id='word_1_235' title='bbox 814 3813 866 3880; x_wconf 90' lang='lat' dir='ltr'><strong>his</strong></span> <span class='ocrx_word' id='word_1_236' title='bbox 890 3815 1002 3878; x_wconf 81' lang='lat' dir='ltr'><strong>verbis</strong></span> <span class='ocrx_word' id='word_1_237' title='bbox 1023 3813 1199 3897; x_wconf 81' lang='lat' dir='ltr'><strong>significari</strong></span> <span class='ocrx_word' id='word_1_238' title='bbox 1218 3820 1344 3874; x_wconf 85' lang='lat' dir='ltr'><strong>tantum</strong></span> 
     </span>
     <span class='ocr_line' id='line_1_34' title="bbox 276 3913 1390 4000; baseline 0.005 -28"><span class='ocrx_word' id='word_1_239' title='bbox 276 3913 508 3994; x_wconf 81' lang='lat' dir='ltr'><strong>probationem</strong></span> <span class='ocrx_word' id='word_1_240' title='bbox 528 3915 633 3993; x_wconf 90' lang='lat' dir='ltr'><strong>modi,</strong></span> <span class='ocrx_word' id='word_1_241' title='bbox 678 3937 745 3998; x_wconf 87' lang='lat' dir='ltr'><strong>quo</strong></span> <span class='ocrx_word' id='word_1_242' title='bbox 767 3926 908 3982; x_wconf 77' lang='lat' dir='ltr'><strong>testator</strong></span> <span class='ocrx_word' id='word_1_243' title='bbox 930 3917 1103 4000; x_wconf 87' lang='lat' dir='ltr'><strong>prsedium</strong></span> <span class='ocrx_word' id='word_1_244' title='bbox 1124 3915 1343 4000; x_wconf 83' lang='lat' dir='ltr'><strong>acquisiverit.</strong></span> <span class='ocrx_word' id='word_1_245' title='bbox 1388 3963 1390 3966; x_wconf 85' lang='lat'>-</span> 
     </span>
     <span class='ocr_line' id='line_1_35' title="bbox 278 4013 1343 4085; baseline 0.003 -10"><span class='ocrx_word' id='word_1_246' title='bbox 278 4013 440 4078; x_wconf 73' lang='lat' dir='ltr'><strong>Possumus</strong></span> <span class='ocrx_word' id='word_1_247' title='bbox 469 4027 588 4080; x_wconf 80' lang='lat' dir='ltr'><strong>verum</strong></span> <span class='ocrx_word' id='word_1_248' title='bbox 616 4019 705 4082; x_wconf 88' lang='lat' dir='ltr'><strong>huno</strong></span> <span class='ocrx_word' id='word_1_249' title='bbox 734 4039 805 4083; x_wconf 86' lang='lat' dir='ltr'><strong>esse</strong></span> <span class='ocrx_word' id='word_1_250' title='bbox 839 4023 1021 4085; x_wconf 79' lang='lat' dir='ltr'><strong>verborum</strong></span> <span class='ocrx_word' id='word_1_251' title='bbox 1050 4039 1190 4082; x_wconf 84' lang='lat' dir='ltr'><strong>sensum.</strong></span> <span class='ocrx_word' id='word_1_252' title='bbox 1253 4015 1343 4079; x_wconf 85' lang='lat' dir='ltr'><strong>Illud</strong></span> 
     </span>
     <span class='ocr_line' id='line_1_36' title="bbox 278 4119 1341 4207; baseline 0.004 -29"><span class='ocrx_word' id='word_1_253' title='bbox 278 4125 388 4180; x_wconf 81' lang='lat' dir='ltr'><strong>temen</strong></span> <span class='ocrx_word' id='word_1_254' title='bbox 415 4119 577 4183; x_wconf 84' lang='lat' dir='ltr'><strong>concedes</strong></span> <span class='ocrx_word' id='word_1_255' title='bbox 612 4140 746 4186; x_wconf 86' lang='lat' dir='ltr'><strong>necesse</strong></span> <span class='ocrx_word' id='word_1_256' title='bbox 772 4131 850 4202; x_wconf 79' lang='lat' dir='ltr'><strong>est,</strong></span> <span class='ocrx_word' id='word_1_257' title='bbox 896 4123 1087 4207; x_wconf 69' lang='lat' dir='ltr'><strong>legatarium</strong></span> <span class='ocrx_word' id='word_1_258' title='bbox 1124 4121 1166 4186; x_wconf 85' lang='lat' dir='ltr'><strong>ud</strong></span> <span class='ocrx_word' id='word_1_259' title='bbox 1197 4120 1341 4200; x_wconf 87' lang='lat' dir='ltr'><strong>modum,</strong></span> 
     </span>
    </p>
   </div>
   <div class='ocr_carea' id='block_1_12' title="bbox 279 4225 1340 4313">
    <p class='ocr_par' dir='ltr' id='par_1_12' title="bbox 279 4225 1340 4313">
     <span class='ocr_line' id='line_1_37' title="bbox 279 4225 1340 4313; baseline -0.014 -12"><span class='ocrx_word' id='word_1_260' title='bbox 279 4237 345 4300; x_wconf 79' lang='lat' dir='ltr'><strong>‘tuo</strong></span> <span class='ocrx_word' id='word_1_261' title='bbox 365 4227 505 4284; x_wconf 80' lang='lat' dir='ltr'><strong>testator</strong></span> <span class='ocrx_word' id='word_1_262' title='bbox 536 4244 607 4286; x_wconf 87' lang='lat' dir='ltr'><strong>rem</strong></span> <span class='ocrx_word' id='word_1_263' title='bbox 636 4225 775 4310; x_wconf 76' lang='lat' dir='ltr'><strong>legatum</strong></span> <span class='ocrx_word' id='word_1_264' title='bbox 802 4226 865 4294; x_wconf 87' lang='lat' dir='ltr'><strong>sibi</strong></span> <span class='ocrx_word' id='word_1_265' title='bbox 896 4227 1150 4313; x_wconf 85' lang='lat' dir='ltr'><strong>comparaverit,</strong></span> <span class='ocrx_word' id='word_1_266' title='bbox 1192 4225 1340 4311; x_wconf 86' lang='lat' dir='ltr'><strong>probun-</strong></span> 
     </span>
    </p>
   </div>
   <div class='ocr_carea' id='block_1_13' title="bbox 0 0 1484 5064">
    <p class='ocr_par' dir='ltr' id='par_1_13' title="bbox 0 0 1484 5064">
     <span class='ocr_line' id='line_1_38' title="bbox 0 0 1484 5064; baseline 0 2"><span class='ocrx_word' id='word_1_267' title='bbox 0 0 1484 5064; x_wconf 95' lang='lat' dir='ltr'><strong> </strong></span> 
     </span>
    </p>
   </div>
  </div>
 </body>
</html>
