2960 5064
325 363 376 436 28

323 553 512 634 nuntietur.¹
548 567 592 630 tt
608 565 707 652 louge
727 566 864 632 brevior
886 567 948 632 erit
972 567 1186 652 disceptatio,
1207 572 1237 636 si
1257 583 1392 636 secun-t

325 671 404 734 dum
422 673 590 752 vulgarem
610 670 800 734 sententiam
820 671 925 732 statim
946 674 985 736 ab
1005 673 1107 734 initio
1121 672 1245 755 petitor
1267 673 1390 735 domi-

324 773 415 835 niu'sn
445 774 585 834 auctoris
610 772 776 855 probavit.
839 772 940 848 Quod
968 773 995 834 si
1019 774 1140 836 sactum
1166 784 1232 855 est,
1271 793 1390 855 neque

318 887 438 944 *contra
461 881 682 956 possessorem
703 893 723 935 a
746 875 906 958 petitore,
949 895 1054 957 neque
1085 885 1198 940 eontra
1222 877 1312 940 bunc
1343 878 1388 937 ab

323 981 395 1046 illo¹
410 975 499 1039 aliud
522 976 601 1057 qnid
622 987 792 1059 praeterea
815 977 1021 1062 probandum
1051 986 1109 1040 est.
1151 977 1233 1042 Nam
1263 979 1293 1040 si
1316 997 1387 1060 pe-

323 1079 433 1144 titoris
465 1088 579 1142 auctor
608 1078 759 1143 dominus
788 1079 868 1157 suit,
914 1080 1010 1142 ctiam
1038 1079 1163 1163 petitor
1198 1078 1391 1142 dominium

198 1179 209 1198 ‘
323 1183 445 1259 habete
482 1178 624 1262 ideoque
648 1179 689 1244 de
710 1182 784 1264 jure
807 1179 1006 1266 possessoris
1028 1192 1065 1242 ut
1089 1191 1281 1264 quaeratur,
1317 1202 1388 1244 ne-

325 1303 416 1347 cesse
450 1282 585 1364 amplius
615 1302 684 1346 non
708 1293 773 1360 est,
815 1284 890 1367 quis
922 1284 951 1346 si
983 1284 1108 1364 petito-r
1139 1282 1290 1348 dominus
1322 1295 1387 1362 est,

324 1392 547 1471 possessoris
572 1405 643 1448 esse
667 1407 736 1448 non
757 1395 877 1469 potest.
920 1385 1078 1456 Accedit,-
1110 1384 1199 1468 quod
1221 1385 1388 1448 credibile

323 1511 394 1552 non
416 1500 480 1569 est,
509 1490 652 1569 probare
673 1491 771 1550 malle
790 1488 983 1572 petitorem,
1010 1499 1176 1550 auctorem
1200 1487 1386 1548 adversarii

323 1612 393 1653 non
415 1592 517 1653 fuisse
539 1591 721 1670 dominum,
742 1611 837 1676 quam
856 1609 950 1651 suum
971 1599 1137 1652 auctorem
1158 1589 1309 1650 habuisse
1330 1590 1386 1650 rei

322 1693 520 1772 dominium,
544 1713 642 1776 quum
664 1694 728 1760 hoc
746 1693 884 1775 facilius,
906 1714 1001 1780 quam
1015 1691 1102 1756 inat
1115 1691 1250 1774 probari
1262 1692 1386 1773 possit.¹

785 1870 818 1956 r.
860 1866 916 1936 21.-

408 1989 512 2072 Atque
534 1990 591 2056 illa
610 1993 680 2075 ipse
700 1989 852 2073 probatio
878 1989 1031 2070 dominii,
1053 2007 1134 2072 quae
1157 2007 1199 2051 ex
1218 1991 1273 2067 121.
1292 1985 1383 2046 Tm-
1464 2063 1465 2076 χ

322 2112 411 2158 asur
432 2093 592 2154 sententia
617 2090 818 2174 perficienda
841 2104 905 2171 est,
948 2113 987 2156 rs
1016 2092 1196 2154 accuratius
1225 2092 1385 2154 conside·
1464 2097 1465 2106 ’

322 2206 393 2258 rata
423 2214 496 2258 cum
528 2195 657 2276 vulgari
684 2193 817 2256 videtur
846 2197 1043 2280 conspirare.
1107 2189 1168 2258 Fac
1202 2194 1383 2276 petitorem
1464 2193 1465 2246 t

321 2298 460 2380 probata
488 2298 699 2379 acquisitione
734 2316 797 2378 pro
830 2297 964 2362 domino
995 2295 1127 2374 haberi,
1168 2296 1273 2357 donee
1301 2315 1384 2356 reus
1464 2339 1465 2366 ,

322 2397 524 2460 eontrarium
545 2399 747 2479 probaverit.
811 2399 947 2478 Nonne,
989 2399 1018 2458 si
1041 2417 1118 2460 reus
1142 2398 1225 2459 hanc
1254 2399 1383 2479 proba-

321 2499 447 2558 tionem
466 2499 621 2579 perfecit,
658 2511 802 2564 actorem
825 2503 867 2566 ad
888 2519 1009 2566 novam
1032 2500 1262 2580 probationem
1280 2507 1382 2579 puta·
1464 2557 1465 2588 ζ

321 2601 373 2664 bis
396 2617 466 2659 esse
486 2587 738 2680 admittendum,
761 2624 823 2684 qua
842 2604 984 2666 auctoris
1004 2603 1055 2664 sui
1071 2601 1251 2664 dominium
1266 2611 1382 2661 osten-

318 2699 399 2768 'dart
440 2699 484 2760 At
508 2703 630 2779 obstat,
652 2703 743 2785 quod
764 2708 799 2770 in
822 2707 1003 2790 proverbio
1030 2714 1095 2785 est,
1117 2703 1274 2765 adversus
1296 2723 1381 2764 oon·
1464 2773 1465 2780 ἵ

319 2805 453 2874 trariam
474 2804 705 2884 probationem
726 2829 846 2872 novam
866 2808 1022 2870 contrarii
1043 2806 1275 2890 probationem
1296 2827 1382 2868 con·
1464 2797 1465 2862 ἶ

238 2909 239 2916 ’
319 2908 394 2970 cedi
415 2926 484 2968 non
496 2925 607 2988 posse.
650 2907 872 2974 Nihilosecius
895 2910 1069 2974 ferendum
1084 2917 1233 2985 nonest,
1254 2906 1381 2970 addo·
1464 2915 1465 2950 1

318 3010 455 3088 minium
479 3011 621 3073 auctoris
644 3013 696 3074 sui
715 3014 921 3094 probandum
948 3033 1018 3074 non
1048 3010 1174 3074 admitti
1191 3011 1385 3093 petitorem:

317 3111 427 3193 ,Quem
451 3111 479 3170 ei
498 3129 567 3172 uon
590 3111 748 3190 admittis,
790 3115 869 3196 quid
899 3113 940 3180 de
973 3133 1139 3178 causarum
1161 3120 1302 3194 patrono
1326 3112 1382 3173 di-

319 3225 392 3292 ces,
421 3211 478 3292 qui
499 3211 618 3273 actoris
645 3233 773 3278 oausam
794 3235 907 3294 orans,
936 3236 1036 3298 quum
1059 3216 1156 3291 sciat,
1193 3234 1287 3276 reum
1309 3233 1382 3274 esse

318 3314 550 3400 probaturum,
591 3314 743 3395 petitoris
776 3327 942 3381 auctorem
974 3336 1044 3378 uon
1071 3316 1173 3378 fuisse
1202 3316 1383 3394 dominum,

317 3418 395 3486 huie
414 3414 604 3494 probationi
624 3435 693 3478 non
715 3415 760 3478 ita
782 3419 980 3497 occurrerit,
1022 3428 1060 3480 ut
1087 3418 1138 3478 sui
1166 3417 1292 3480 clientis
1316 3439 1382 3492 uu-¹

319 3533 445 3586 ctorem
478 3516 658 3581 dominium
693 3523 743 3583 rei
769 3521 920 3584 habuisse
957 3519 1130 3582 ostendat?
1191 3515 1277 3582 Fieri
1310 3541 1381 3582 non

317 3631 445 3710 potest,
469 3621 546 3702 quin
572 3622 731 3704 ejusmodi
752 3645 863 3687 causae
886 3611 1129 3707 patronttii1‚si
1152 3634 1280 3690 turem
1301 3623 1380 3684 rin-

318 3726 463 3796 dioares,
498 3730 530 3781 et
551 3723 579 3782 is
600 3736 687 3786 tuam
708 3747 836 3790 oausam
861 3734 988 3806 ageret,
1021 3725 1112 3808 juria·
1130 3727 1158 3786 ei
1180 3746 1249 3786 non
1270 3725 1380 3805 impe-¹

318 3826 432 3902 ritum,
476 3831 508 3882 at
528 3833 617 3887 certe
636 3827 884 3910 imprudentem
907 3847 975 3888 esse
1005 3839 1037 3890 et
1056 3838 1131 3890 tuae
1154 3847 1267 3888 causae
1291 3826 1377 3888 male

319 3925 524 3988 consuluisse
545 3925 689 3992 dicturus
710 3934 764 3992 sis.
803 3928 904 4010 quue
927 3930 1056 3992 merito.
1092 3927 1155 3991 Ubi
1178 3930 1263 3990 enim
1284 3915 1377 3990 ector

318 4027 497 4109 actionem,
540 4047 615 4090 reue
637 4031 865 4114 exceptionem
891 4029 988 4092 debet
1007 4031 1165 4112 probare,
1208 4033 1254 4094 ibi
1282 4043 1377 4094 actor

317 4128 382 4194 sibi
403 4128 523 4209 optime
543 4133 770 4215 prospexerit,
803 4132 874 4213 qui,
903 4153 976 4195 cum
995 4132 1237 4196 fundamentum
1258 4135 1376 4215 agendi

316 4230 454 4313 probet,
498 4233 595 4298 simul
626 4236 821 4302 contrariam
852 4233 1080 4318 probationem
1110 4229 1224 4302 contra
1252 4237 1374 4298 adver·-
