2960 5064
1106 435 1158 515 67

97 605 262 701 quaenam
280 617 342 681 alia
361 619 445 685 actio
469 622 633 704 supererit
647 623 754 689 bonae
766 627 845 692 fidei
859 611 1042 715 posteriori
1053 620 1156 721 ⁴pluc-

96 731 154 782 ter
180 723 339 784 actionem
362 724 398 786 in
418 743 489 786 rem
509 725 747 791 Publicianam?
791 733 941 816 Accedit,
976 740 1156 821 quod³lm.

95 831 239 904 perator
259 823 294 885 in
324 823 391 886 fine
409 826 477 890 loci
504 830 627 912 laudati
654 831 695 892 ad
717 833 806 916 leger
833 847 962 900 veteres
983 857 1157 924 provocat,

98 925 218 1006 quibua
247 925 335 988 idem
367 925 408 990 de
434 931 632 1014 usucapione
664 924 765 998 su'erit
792 940 1014 1006 coustitutum.
1079 947 1179 1013 Eum

93 1027 201 1108 ipsam
224 1031 268 1089 ob
292 1051 435 1110 causam,
477 1027 669 1118 quodjuris
697 1040 822 1123 antiqui
843 1041 922 1104 facit
948 1049 1156 1132 mentionem,

93 1131 257 1191 contendi
278 1153 346 1196 non
370 1135 489 1219 injuria
511 1147 640 1219 potent,
661 1142 951 1226 praescriptionem
963 1149 1055 1232 longi
1071 1163 1157 1216 tem-

93 1233 192 1312 porie
220 1239 412 1318 usucapioni
444 1240 595 1322 antiquae
625 1242 665 1302 ab
696 1243 897 1326 Imperatore
923 1247 960 1310 in·
991 1253 1156 1321 effectibus
1242 1316 1246 1330 ,

93 1333 233 1396 omnino
259 1357 329 1400 esee
352 1343 569 1425 exaequatam.
612 1343 723 1426 ltaque
743 1365 785 1410 ne
809 1347 860 1411 rei
881 1349 1058 1418 vindicatio
1082 1363 1158 1440 qui.

98 1433 173 1496 dem
196 1459 233 1498 ac
254 1433 441 1510 Publiciana
460 1443 543 1507 actio
567 1447 607 1508 ab
625 1453 666 1508 o'o
688 1449 843 1512 confusae
861 1461 954 1530 eunt3
976 1453 1042 1517 imo
1061 1471 1158 1524 utra·

96 1557 160 1618 qne
185 1541 287 1621 actio,
321 1545 417 1608 sicuti
434 1545 509 1630 jure
530 1551 661 1633 antiqno
671 1595 683 1625 ,
717 1551 772 1633 ¹,ita
798 1553 893 1615 etiam
915 1575 1006 1618 novo
1030 1559 1156 1624 discer-

93 1640 207 1704 nende
235 1653 300 1724 est,
339 1650 386 1710 ita
413 1658 456 1710 utv
479 1647 581 1714 altera
607 1655 714 1716 bonae
734 1652 812 1716 fi'dci
840 1657 959 1719 emtori
986 1669 1157 1746 antequam

93 1748 313 1831 praescriptio
334 1751 469 1834 impleta
491 1754 548 1833 ait,
591 1757 695 1819 altera
718 1755 864 1838 legitimo
879 1767 1035 1846 'tempore
1055 1785 1156 1852 prae-

94 1847 242 1934 terlapeo
272 1853 481 1918 concedende
504 1877 574 1920 ecce
599 1858 760 1922 videatur·
800 1865 802 1874 ’
1031 1863 1033 1872 ’

503 1977 506 1989 ’
566 2029 599 2114 a.
640 2026 696 2096 17.

184 2141 288 2216 Quom
314 2169 419 2231 porro
454 2150 499 2215 Gt.
517 2148 692 2218 liriacum
721 2145 809 2216 inter
843 2149 1091 2221 tranciationem
1123 2168 1157 2224 et

92 2244 343 2325 acquisitionem
363 2252 505 2314 dominii
523 2255 634 2316 statuit
650 2253 871 2336 differentiam,
893 2267 939 2336 ut,
961 2277 1056 2339 quam
1070 2281 1157 2343 pro.

93 2351 209 2432 potuit
237 2354 279 2414 de
311 2357 514 2437 probatione
542 2357 679 2419 dominii
713 2359 906 2421 sententiam
930 2375 1006 2424 oum
1038 2367 1080 2425 L.
1104 2365 1176 2428 20.'
1204 2428 1209 2434 ,

89 2475 143 2534 pr.
164 2458 211 2516 D.
231 2455 272 2516 ὀἷο
292 2449 484 2540 acquirendo
506 2482 609 2522 rerum
630 2461 775 2522 ἅοηιίηἰο.
794 2459 876 2521 XLI.
893 2470 934 2543 1.,
953 2463 1016 2546 qua
1029 2467 1156 2546 proha·-

92 2557 304 2624 tio‘dominii
331 2563 474 2625 auctoris
494 2563 626 2642 nititur,
662 2564 872 2643 conciliaret,
910 2584 979 2627 eam
1002 2569 1156 2630 subtilem

82 2659 227 2740 ,quidem
249 2671 281 2724 et
297 2673 399 2726 acute
425 2675 638 2748 excogitatam
668 2687 729 2728 nec
757 2685 840 2728 ver-o
864 2665 911 2727 ita
939 2679 1171 2749 comparatam·

93 2781 166 2822 esse
189 2766 350 2844 arbitror,
386 2779 424 2832 ut
444 2770 590 2852 vulgaris
609 2769 795 2832 'sententiae
819 2768 941 2828 veritas
964 2767 1029 2830 hoc
1051 2770 1153 2832 modo

93 2865 243 2928 tollatur.
293 2870 468 2934 Contendit
492 2872 577 2933 eninr
597 2871 719 2953 acquiri
740 2877 840 2952 potue
863 2867 1060 2951 dominium,
1095 2892 1157 2933 nco

90 2986 224 3029 necesse
247 2976 334 3048 eme',
352 2983 390 3034 ut
414 2973 466 3056 jus
489 2973 626 3035 dominii
642 2973 740 3033 simul
761 2969 995 3046 transferaturt
1017 2974 1084 3033 iano
1100 2990 1155 3034 rec

90 3069 154 3152 ipsi
179 3079 305 3136 tantum
326 3077 459 3140 ridetur
485 3073 659 3139 transferri
683 3083 716 3135 ct
736 3072 791 3157 J'nn
814 3071 902 3156 cjue,
923 3071 959 3132 in
984 3093 1081 3154 quem
1099 3089 1154 3136 ret

92 3177 308 3257 transfertur,
347 3179 436 3263 justo
453 3179 557 3245 titulo
580 3177 641 3240 niti
659 3175 693 3240 t*
708 3195 736 3241 a.
756 3174 919 3258 negotio,
952 3195 1017 3257 quo
1044 3175 1154 3237 domi-
1241 3229 1243 3233 .

91 3278 184 3338 nium
211 3279 334 3362 acquiri
357 3264 459 3364 utque
495 3279 677 3343 transferri·
703 3279 811 3363 colen
863 3277 962 3362 Apud
989 3273 1154 3338 Romanor

94 3377 178 3440 adeo
207 3382 286 3444 dicit
306 3385 341 3446 in'
362 3384 425 3446 niu
443 3385 545 3447 suisne
568 3382 815 3464 acquisitionem
836 3373 973 3444 dominii
993 3377 1155 3438 derivati-

95 3487 188 3557 vain,
210 3486 349 3547 auctorit
372 3486 518 3548 dominio
538 3481 932 3565 nequaqumsundatam,
951 3477 1001 3536 uti
1016 3491 1058 3536 ex
1073 3496 1154 3537 uen-

94 3584 238 3667 capionir
259 3586 614 3666 indole.intelligatur;
656 3581 852 3664 quinetiam
877 3578 1169 3661 receptumque

57 3755 61 3762 ,
93 3708 155 3748 eos
175 3689 275 3752 fuisse
297 3689 446 3766 affirmat,
467 3697 504 3748 ut
526 3687 582 3771 qui
602 3687 673 3768 ipse
696 3683 847 3746 dominun
869 3689 1051 3759 non'eucet,
1078 3691 1111 3742 et
1124 3679 1168 3740 ci*

93 3790 274 3852 dominium
287 3807 362 3853 'non
380 3794 575 3869 transferre,
595 3798 704 3849 tamen
725 3786 850 3857 efficere
872 3792 996 3866 porcat,
1016 3795 1054 3847 ut
1068 3785 1154 3848 alter

91 3893 128 3954 id
151 3893 345 3974 acquireret.
375 3893 426 3956 'dd
449 3894 538 3978 quod
561 3893 702 3975 probare
733 3889 857 3950 studuit
874 3887 987 3950 verbio
1007 3885 1153 3948 Unrtnrt'r

90 3996 127 4058 in
150 3999 262 4062 1246:
281 3999 329 4060 1).’
347 3997 387 4059 de
408 3995 596 4082 acquirendo
617 4015 723 4056 rerum
742 3993 889 4054 dominio.
910 3987 1153 4069 XL1.1.,‚N0n

92 4115 140 4162 ert
161 4123 293 4182 novum,
316 4119 368 4180 ut,
392 4109 447 4189 qz'n'
466 4101 639 4164 dominium
660 4119 723 4158 nou
743 4096 875 4174 haheat,
898 4094 960 4154 alit
979 4092 1152 4154 dominium
1246 4163 1247 4166 Ἴ

89 4207 264 4286 praebenti
305 4229 382 4269 nam
403 4215 433 4268 et
455 4206 589 4268 creditor
613 4206 742 4283 pignua
758 4196 918 4259 vendendo
940 4215 1073 4257 caucam
1088 4189 1152 4252 d„

94 4311 187 4370 mittit
203 4325 366 4394 praestat,
401 4325 499 4398 quoru
519 4312 585 4391 ipae
605 4327 669 4370 non
689 4301 837 4398 tutudit
884 4297 950 4359 Sed
970 4297 1036 4381 jam
1057 4301 1150 4357 antea

899 4395 953 4466 5*
