2960 5064
1116 356 1200 434 33-

102 588 140 642 ut
163 578 204 642 ad
227 589 297 640 rem
309 581 465 648 contram
478 563 830 649 'redcamns,'petitore
844 559 1030 646 postulante
1052 581 1167 646 apos.

100 702 232 745 sessore
254 673 584 761 exponendamque
609 692 652 734 ex
678 687 773 730 causa
792 667 867 744 vel,
888 674 925 732 ut
946 663 1056 727 verbis
1072 663 1165 725 tcto.

101 793 346 855 runs-utamur,
385 797 449 859 quo
464 796 515 840 'ex
546 775 645 864 titulo
669 769 813 854 ejusdem
838 769 889 830 rei
916 767 979 829 sibi
999 765 1167 826 tribuisset

104 885 293 948 dominium.
335 879 429 942 Unde
449 886 553 959 patet,
581 869 867 940 invindicatione
887 869 1016 949 antiqua
1038 867 1186 947 petito-¹

103 982 336 1068 rem'perinde
360 1003 395 1044 ae
423 985 651 1062 possessorem
673 971 820 1058 ejusdem
847 971 898 1032 rei
919 967 1099 1032 dominium
1113 987 1166 1028 ex

100 1085 377 1172 jureQuiritium
396 1081 457 1144 sibi
478 1080 672 1154 asseruisse,
716 1083 749 1136 et
772 1074 811 1135 ab
825 1082 973 1156 utroque
1001 1071 1167 1150 litigatore

102 1209 232 1270 causam
257 1187 327 1248 sive
348 1185 539 1248 titulumne
566 1163 702 1244 modum
729 1175 918 1263 acquirendi
938 1172 1041 1238 fuisse
1059 1172 1165 1235 d'rae-

102 1291 173 1355 tori
186 1287 435 1376 exponendum.
491 1328 495 1336 -

186 1600 293 1684 Atque
317 1600 415 1685 hujus
447 1599 587 1664 maxime
615 1590 844 1660 vindicationis
853 1596 862 1632 ’-
872 1599 924 1651 ac·
938 1582 1166 1649 contravindi·

101 1704 241 1766 cationis
265 1704 351 1782 ratio
374 1703 472 1766 debet
492 1701 622 1780 haberi,
651 1711 688 1764 nt
712 1701 797 1761 bene
820 1703 853 1756 et
874 1699 948 1774 epte
972 1685 1170 1772 responderi

102 1807 225 1889 possit,
260 1805 288 1868 si
313 1805 493 1886 quaesitum
515 1803 633 1882 fucrit,
670 1799 750 1884 quid
769 1799 804 1860 in
833 1795 884 1858 rei
907 1790 1130 1854 vindicatione
1151 1809 1171 1848 a

103 1908 249 1989 petitore
276 1906 351 1988 jure
385 1905 518 1985 antiquo
546 1905 649 1980 fuerit
676 1898 892 1986 probandum.
958 1893 1041 1956 Nam
1070 1912 1171 1973 quum

105 2017 246 2089 uterque
265 2007 413 2086 litigator
442 2005 587 2089 ejusdem
608 2009 659 2069 rei
681 2003 849 2066 dominum
872 2017 944 2059 sese
968 1994 1108 2068 diceret,
1130 1993 1171 2052 ab

105 2118 249 2192 utroque
269 2107 449 2169 dominium
469 2109 667 2189 probaretur
687 2123 821 2168 necesse
844 2108 923 2163 erat.
951 2094 1068 2173 Neque
1088 2109 1170 2152 vero

106 2229 181 2273 eum
203 2209 364 2272 adfinem
384 2209 487 2272 solius
510 2209 600 2274 tituli
623 2232 660 2273 ac
682 2207 775 2272 modi
804 2196 995 2288 acquirendi
1015 2191 1170 2274 probatio

21 2395 23 2402 y
104 2313 297 2392 sufficiebam
319 2313 398 2388 imo,
419 2311 448 2375 si
467 2321 605 2394 uterque
629 2314 669 2386 ab
690 2311 794 2372 altero
821 2300 1001 2368 dominium
1020 2313 1093 2358 sese
1117 2293 1172 2356 dt-

105 2417 199 2479 cebat
220 2415 446 2498 acquisivisse,
480 2417 521 2478 ab
542 2423 684 2498 utroque
705 2408 741 2474 in
765 2429 805 2472 eo
832 2398 1068 2472 elaborandum
1093 2405 1173 2475 eran

103 2528 143 2582 ut
168 2521 316 2580 auctoris.
336 2517 395 2580 sni·
411 2518 591 2580 dominium
616 2514 813 2579 ostenderet.
857 2503 959 2583 Quod
974 2521 1018 2564 ex
1032 2519 1071 2561 eo
1087 2519 1174 2583 pro·

104 2622 214 2684 babile
234 2619 289 2697 fit,
315 2619 408 2702 qnod
428 2621 666 2701 mancipatione
693 2628 725 2681 et
744 2616 876 2700 injure
897 2605 1069 2680 cessione,
1099 2601 1175 2682 qui-

18 2713 21 2730 '
106 2725 168 2786 bus
190 2721 457 2802 acquisitionibus
479 2721 554 2806 jure
581 2724 714 2804 antiquo
740 2715 947 2802 potissimum
967 2703 1108 2766 Romani
1126 2702 1175 2761 uti

18 2823 20 2834 ’
109 2823 277 2904 solebant,
317 2821 496 2883 dominium
519 2823 584 2883 nisi
613 2826 653 2884 ab
684 2844 742 2895 eo,
783 2817 840 2902 qui
861 2816 932 2894 ipte
951 2805 1103 2870 dominus
1125 2803 1178 2864 rei

109 2944 153 2990 ex
174 2924 251 3008 jure
274 2922 454 2996 Quiritium
484 2932 570 2990 esset
597 2945 667 2986 non
687 2927 827 3006 poterat
856 2907 1041 2976 transferri.
1108 2901 1178 2965 lam
1245 2939 1248 2946 ·

106 3047 191 3092 vero
218 3025 247 3086 si
268 3026 428 3086 alteruter
448 3022 596 3105 litigator
618 3033 674 3092 aut
702 3017 944 3104 mancipatione
969 3017 1026 3071 aut
1046 3006 1081 3069 in
1101 3005 1177 3090 jure

108 3147 258 3193 cesssone
279 3127 331 3188 rei
353 3125 535 3188 dominium
558 3126 791 3206 acquisiverat,
834 3136 941 3200 neque
963 3113 1005 3176 ad
1025 3110 1178 3175 vindica*

107 3234 233 3294 tionem
254 3249 362 3311 neque
393 3228 435 3290 ad
454 3228 825 3291 eonnavindieationem
851 3214 1069 3284 excusandam
1098 3210 1177 3272 satis

110 3344 197 3411 erat,
238 3341 276 3394 ut
306 3339 365 3392 aut'
389 3331 601 3414 mancipatam
629 3332 692 3392 sibi
719 3350 790 3394 rem
813 3334 870 3388 aut
896 3319 1027 3404 injure
1056 3331 1179 3376 cessam

112 3435 241 3503 ab.alio
263 3442 480 3510 monstrarem
522 3433 587 3494 imo
613 3433 709 3514 ctiam
731 3438 900 3495 auctorem
931 3417 1112 3484 dominium
1135 3429 1179 3472 ex

110 3537 186 3620 iure
212 3533 393 3606 Quiritium
429 3534 581 3598 habuisse
617 3533 794 3594 ostendere
829 3528 1005 3602 debebat,
1028 3537 1072 3580 ne
1107 3515 1181 3596 ipsa

113 3633 309 3716 mancipatio
333 3644 389 3696 aut
415 3635 452 3696 in
481 3635 557 3718 jure
584 3633 700 3696 cessio·
721 3634 815 3695 nulla
844 3640 877 3692 et
894 3621 1048 3690 -invalida
1076 3616 1180 3679 fuisse
1279 3639 1282 3648 ·

111 3740 294 3804 videretur.
354 3733 531 3820 Inprimis
560 3738 658 3822 hujus
686 3732 893 3821 probationis
928 3723 1102 3793 necessitas
1139 3714 1181 3777 de

112 3841 258 3926 petitore
278 3838 491 3921 intelligenda
520 3851 585 3925 est,
629 3841 751 3924 quippe
781 3841 838 3922 qui
868 3855 907 3896 ea
931 3849 1001 3893 non
1032 3821 1182 3905 perfecta

115 3943 242 4006 efficere
262 3962 332 4004 non
353 3943 517 4024 potuisset
536 3945 736 4028 possessoris
763 3931 1079 4002 condemnationem.
1115 3924 1183 3980 Ac-

117 4044 220 4121 cedit,
261 4043 351 4125 quod
382 4045 497 4106 similis
526 4067 546 4106 a
571 4063 765 4128 possessore
786 4035 987 4123 expectanda
1009 4034 1079 4090 erat
1098 4039 1184 4104 pro-

115 4146 205 4208 batio
216 4190 228 4221 ,
250 4145 515 4229 quandoquidem
535 4144 590 4210 hic
604 4167 736 4230 quoque
756 4143 808 4206 rei
828 4137 997 4203 dominum
1020 4147 1091 4190 sete
1114 4141 1184 4183 ⁶⁸⁵⁹

118 4246 344 4312 contenderat.¹
404 4246 459 4310 Sic
487 4263 565 4335 ergo
597 4246 780 4313 vindicatio
810 4241 942 4325 antiqua
965 4242 1090 4298 revera
1116 4230 1186 4328 erat

787 4349 791 4358 ’
962 4337 985 4402 3
