2928 5068
339 363 416 442 160

339 569 441 651 Quod
474 567 517 636 ed
543 567 761 654 hypothecam
788 571 950 638 consensu
982 573 1101 660 judicis
1132 575 1366 641 constituendam

338 678 470 754 omnes,
497 691 579 755 quse
606 671 641 734 ir
667 669 827 753 saxonia,
856 675 920 738 nisi
948 674 982 738 ln
1010 675 1131 758 fundo,
1168 679 1298 760 cogitari
1314 700 1368 742 nor

337 786 465 864 potest,
482 776 586 860 juder
605 774 675 856 ipse
700 772 856 840 debitoris
874 777 1010 841 dominii
1033 776 1130 842 debet
1148 781 1265 842 bebere
1283 781 1369 843 retio-

338 905 425 948 mem.
478 878 563 942 Nem
592 878 701 941 Deris.
729 879 757 942 1.
784 878 824 940 de
851 901 935 941 anno
966 882 1061 945 17⁴6.
1097 881 1232 944 dominc
1267 889 1370 943 tentum

337 984 434 1051 fundi
461 981 655 1042 investitura
686 980 833 1044 sllodieli
861 983 986 1044 munito
1013 981 1065 1065 jus
1094 1001 1167 1044 rem
1196 983 1371 1046 immobilem

338 1082 532 1170 hypothecis
554 1081 713 1146 omerrndi
734 1083 934 1148 conceditur.
976 1082 1061 1166 Ergo
1084 1085 1113 1147 ei
1131 1105 1301 1168 possessor
1318 1104 1373 1146 ron

337 1187 512 1254 investitus
535 1191 585 1246 est
606 1195 661 1250 eut
680 1185 818 1250 fundum
839 1185 984 1250 nondum
1004 1188 1173 1270 usucepit,
1200 1186 1298 1271 judex
1316 1183 1373 1263 cogi

338 1311 410 1356 reon
429 1293 557 1370 potest,
584 1295 622 1348 ut
645 1288 681 1350 in
700 1288 839 1352 fundum
858 1285 1051 1370 hypothecis
1082 1289 1296 1352 onerandum
1309 1307 1374 1348 son·

338 1394 466 1457 sentiet.
524 1389 585 1452 Sin
618 1402 725 1454 sutem
755 1389 861 1474 judex
896 1387 1114 1472 hypothecam
1151 1390 1295 1454 dominio
1327 1387 1374 1470 sibi

339 1505 435 1558 enter
453 1495 594 1576 probato
618 1512 778 1556 consensu
804 1490 961 1568 firmavit,
990 1490 1149 1554 creditori
1168 1493 1301 1554 *actione
1324 1491 1373 1570 by·

338 1578 528 1682 potheoerie
554 1594 660 1656 utenti
688 1594 841 1676 probatio
874 1593 1011 1677 domipii
1048 1592 1209 1658 debitoris
1242 1593 1374 1658 facillime

339 1707 391 1762 est
410 1717 447 1760 ec
467 1715 571 1779 poene
595 1715 664 1758 non
687 1695 889 1773 recesseris,
919 1695 1039 1778 quippe
1062 1697 1159 1778 quem
1185 1695 1252 1781 jem
1277 1692 1373 1780 jodicir
1425 1671 1426 1752 l

337 1819 517 1862 consensus
553 1795 735 1860 reddiderit
770 1795 843 1858 iere
882 1815 1165 1879 superveoeneem.
1222 1797 1273 1876 sic¹
1296 1795 1322 1858 si
1344 1794 1375 1878 de

336 1902 408 1966 ulle
430 1899 628 1982 probatione
655 1896 792 1958 dominii
822 1917 929 1960 sermo
961 1907 1026 1976 est,
1056 1917 1095 1960 ee
1128 1908 1256 1962 tentum
1282 1904 1376 1960 contre

337 2005 421 2068 elios
445 1999 641 2079 creditores,
663 1997 779 2080 quibus
800 2007 892 2061 ector
910 1999 1074 2082 praeferri
1093 2001 1186 2080 vult,
1211 2011 1265 2063 eut
1284 2006 1376 2062 contre

339 2114 514 2169 extraneos
536 2101 587 2162 rei
607 2099 740 2183 pignori
760 2099 854 2163 detee
875 2119 1101 2183 possessores,
1128 2103 1187 2183 qui
1206 2123 1275 2166 non
1294 2120 1311 2162 e
1329 2097 1375 2158 de-

336 2209 464 2284 bitore,
492 2202 552 2264 sed
580 2203 619 2264 eb
645 2201 710 2263 elio
732 2200 854 2264 hebent
882 2222 1006 2264 crucem
1038 2204 1247 2285 possidendi,
1276 2195 1376 2279 suscipi

339 2309 446 2370 debet.
498 2303 543 2366 At
575 2322 658 2366 vero
687 2311 805 2364 contre
841 2303 1024 2367 debitorem
1054 2305 1169 2389 ejusve
1198 2305 1330 2392 heredes
1355 2297 1375 2358 ti

336 2407 486 2470 creditor
511 2402 748 2488 hypothecaria
773 2406 902 2491 serione
934 2401 1119 2487 experitur,
1148 2428 1193 2470 ne
1222 2419 1289 2472 tum
1318 2400 1376 2486 qui·

338 2509 432 2586 dem,
454 2503 570 2588 ‘quum
607 2504 729 2567 fundus
765 2526 929 2569 consensu
962 2507 1082 2588 judicis
1117 2531 1189 2574 non
1224 2511 1375 2592 impetrato

336 2611 470 2693 pignori
493 2607 673 2683 deessset,
703 2605 884 2670 dominium
907 2627 926 2670 e
946 2608 1112 2674 creditore
1134 2611 1273 2694 proberi
1292 2623 1377 2694 opor·
1427 2641 1428 2660 .

337 2721 396 2773 tet.
440 2705 529 2772 ldem
550 2707 709 2772 sdversus
733 2727 806 2770 oum
829 2710 913 2794 juris
935 2718 1000 2787 est,
1029 2712 1091 2795 qui?
1104 2733 1124 2774 e
1145 2711 1296 2775 debitore
1316 2725 1377 2768 ceu·

337 2831 406 2876 sem
421 2811 519 2878 hebet
534 2809 728 2893 possidendi
747 2827 854 2896 neque
870 2812 933 2874 sibi
946 2813 1017 2897 ipse
1031 2814 1149 2901 pignus
1169 2814 1207 2880 in
1218 2832 1258 2878 re
1274 2805 1377 2876 mituit

1000 2903 1011 2936 δ

814 3053 847 3139 e.
887 3050 921 3120 s.

419 3202 460 3268 In
485 3203 626 3285 pignore
653 3204 690 3268 im
716 3224 813 3270 censs
837 3206 974 3291 judicati
1002 3216 1097 3292 cepto
1126 3206 1239 3274 denuo
1271 3203 1377 3268 discer-

335 3304 480 3370 nendum
493 3312 543 3366 est
567 3304 655 3367 inter
673 3323 727 3367 res
743 3307 882 3370 mobiles
903 3316 997 3390 etque
1019 3309 1216 3374 immobiles.
1258 3305 1293 3369 si
1313 3318 1378 3364 ext·

337 3410 426 3473 cutio
455 3409 507 3472 rei
532 3404 697 3494 judicatos
723 3405 759 3468 in
787 3429 841 3472 res
869 3411 1009 3476 mobiles
1036 3409 1076 3472 fit
1106 3431 1126 3474 e
1154 3410 1317 3474 creditore
1336 3423 1376 3464 es·

335 3509 521 3592 signandos,
551 3517 585 3569 et
605 3509 697 3570 nulle
719 3509 760 3572 de
781 3510 938 3574 dominio
952 3533 1063 3576 esrum
1087 3515 1127 3578 eb
1153 3513 1219 3574 elio
1243 3514 1378 3574 movetur

336 3610 579 3687 controversis,
609 3631 671 3692 per
694 3631 729 3672 se
748 3621 856 3692 petet,
883 3615 1016 3696 pignori
1037 3616 1108 3698 cepi
1129 3605 1304 3698 quemlibet
1320 3621 1377 3668 rem

335 3730 451 3791 posse,
484 3731 566 3793 queo
597 3711 632 3777 ic
663 3713 762 3774 domo
787 3712 944 3779 debitoris
980 3717 1115 3785 invente
1139 3715 1258 3791 fuerit,
1286 3719 1377 3788 neque

337 3810 495 3872 creditori
516 3811 763 3894 imponendum>
775 3836 864 3896 esse,
884 3829 924 3879 ut
943 3819 980 3882 in
1001 3819 1073 3901 ipso
1096 3826 1170 3880 ectu
1192 3803 1376 3878 executionis

336 3912 475 3993 probet,
510 3929 581 3974 rem
606 3933 677 3976 esse
699 3915 867 3982 debitoris.
910 3919 980 3982 er
1000 3939 1083 3982 vero
1107 3921 1136 3982 si
1157 3920 1197 3981 eb
1219 3917 1323 3998 eliquo
1344 3905 1376 3966 de

246 4075 255 4106 ι
338 4011 483 4074 dominio
509 4032 620 4076 oerum
638 4035 751 4080 rerum
768 4031 923 4084 movetur
944 4019 1188 4100 controversie,
1209 4017 1311 4104 judex
1326 4027 1375 4071 00·
1407 4079 1412 4090 ,

335 4130 494 4194 gnoscere
516 4112 615 4178 debet
639 4114 681 4179 de
696 4121 913 4206 proprietate.
943 4120 1084 4188 ,Scribit
1113 4122 1199 4220 eripi
1218 4120 1254 4184 in
1274 4119 1312 4182 L.
1333 4111 1376 4176 ¹⁵·
