2866 5064
456 655 619 736 Garur
670 655 743 732 iil.

83 773 358 905 Ouaeiitur,
384 807 622 888 adversus
645 837 780 918 quern
799 793 1006 888 'dominii
1020 843 1126 916 pro7

142 944 278 1024 tario
308 974 338 1027 a
356 946 580 1052 petitore
610 943 930 1050 suscipienda
952 948 1077 1069 siti.
1118 985 1124 1012 ι

152 1273 320 1340 Sententia
339 1274 471 1356 vulgari
489 1275 614 1358 legibus
626 1275 771 1359 partim,
790 1273 910 1360 partim
932 1279 1130 1358 argumentis

79 1387 253 1444 sanatura
281 1377 333 1442 rei
363 1378 542 1462 depromis
571 1371 709 1440 irmets'
732 1390 766 1442 et
785 1379 835 1442 ¹ab
865 1377 1131 1442 adversariorum

79 1479 380 1560 exprobrationibus
406 1481 558 1564 defensa,
579 1490 744 1561 superest3
773 1491 811 1544 nt
832 1481 867 1542 iu
887 1467 1129 1563 possessionem

79 1579 254 1642 adversarii
273 1582 522 1666 investigemus,
565 1591 680 1645 eontra
701 1607 797 1666 quem
817 1581 971 1668 probatio
993 1578 1131 1642 dominii

79 1680 277 1764 suscipienda
297 1695 357 1748 est.
400 1685 492 1759 Quae
515 1686 646 1768 quidem
662 1691 807 1768 queastio
826 1697 924 1770 quain
940 1704 998 1745 sua
1012 1692 1145 1764 sponte¹

80 1779 218 1864 oriatur,
251 1787 326 1870 quia
343 1789 380 1850 in
400 1790 547 1870 quelibet
565 1789 692 1851 actione
712 1785 964 1854 considerandae
973 1785 1019 1847 d'e·
1033 1773 1130 1848 'aeto-L

79 1885 117 1946 ris
139 1895 172 1948 et
192 1889 245 1950 rei
268 1891 416 1971 partibus
435 1883 549 1972 quaeri
568 1889 673 1970 solet,
702 1901 771 1954 tum
793 1889 979 1974 dignissime
993 1897 1074 1964 ests
1089 1885 1132 1948 ad

80 2007 165 2068 quam
187 1990 339 2073 pluribus
349 1993 619 2074 respondeatur,
640 1993 715 2077 quia
728 1989 934 2076 probationis
950 1989 1132 2054 diabolicae

80 2091 309 2154 obtrectatores
327 2095 528 2177 iniquitatem
553 2095 623 2178 ejus
640 2094 854 2158 vehementer
868 2101 1027 2155 recusant.
1041 2093 1133 2157 ⁴Nam

79 2191 153 2256 illud
173 2195 342 2278 plerisque
361 2199 460 2280 plane
480 2217 550 2260 non
572 2196 706 2260 videtur
725 2197 915 2274 ferendum,
937 2194 1010 2258 sola
1029 2205 1131 2279 negas¹¹

81 2298 161 2360 tione
178 2291 317 2362 dominii
331 2322 350 2363 a
363 2311 456 2386 perte
476 2298 657 2363 adversarii
679 2300 869 2363 difficillima
890 2298 1028 2360 dominii
1045 2319 1133 2382 pro-

80 2399 203 2462 batione
224 2402 402 2483 petitorem
424 2403 571 2481 onerari5
607 2404 732 2468 etiamsi
751 2423 828 2467 neas
850 2402 979 2466 nullam
1000 2422 1133 2484 posses-

81 2501 173 2565 sionis
196 2503 329 2568 titulum
350 2507 539 2572 ostenderet„
581 2505 685 2570 Etiam
708 2508 747 2571 ab
768 2505 829 2569 hae
850 2503 1038 2591 objectione
1054 2516 1134 2566 ean-t

81 2606 172 2668 tentia
191 2607 337 2690 vulgaris
358 2609 564 2673 defendenda
583 2633 603 2673 e
623 2609 720 2674 nobis
744 2617 803 2672 est.
846 2607 946 2684 Quod
968 2605 1042 2668 fieri
1063 2625 1134 2668 non

81 2719 197 2790 potest,
240 2709 306 2774 nisi
327 2720 366 2773 ut
385 2733 498 2775 rursus
524 2714 639 2797 ajnre
662 2709 795 2792 sitique
818 2711 947 2774 initium
967 2707 1134 2786 feriamus,

83 2831 113 2872 ae
131 2813 258 2894 legibus
269 2813 331 2877 heo
351 2814 394 2876 de
407 2835 445 2876 re
463 2815 537 2877 latis
550 2815 724 2898 diligenter
742 2812 955 2875 consideratis
977 2809 1135 2872 ostendas

83 2933 163 3000 mus,
204 2937 276 2980 reru
302 2935 346 2979 ex
368 2918 444 3002 jure
470 2912 671 2978 iustinianeo
693 2915 739 2976 ita
762 2928 890 2996 reapse¹
907 2933 979 2976 sese
1001 2909 1136 2985 habere,

85 3018 170 3082 sicuti
186 3039 224 3082 ea
244 3039 264 3080 a
288 3019 434 3104 vulgaria
458 3018 635 3085 sententiae
658 3017 889 3086 defensoribus
914 3013 1134 3110 exponatur.)

159 3314 207 3378 Ao
228 3312 303 3398 jure
324 3312 456 3396 quidem
480 3313 632 3397 antiquo,
655 3311 751 3376 siouti
774 3329 817 3374 ex
840 3307 1038 3374 solennitate
1049 3308 1141 3372 Vin..⁴

87 3413 246 3480 dicationis
266 3415 343 3502 Cap.
360 3415 398 3481 11.
420 3418 445 3500 ᾗ.
465 3415 611 3499 inhujus
632 3413 742 3480 libelli
760 3412 910 3494 exposita
928 3410 1141 3490 intelligitur}

85 3537 265 3599 possessor,
292 3539 491 3603 equoreas
515 3522 599 3581 alter
617 3517 776 3599 petierat,
802 3520 918 3575 eontra
935 3511 1135 3590 vindicabat,

86 3632 250 3706 postquam
266 3646 289 3688 a
310 3621 469 3688 Praetere
491 3621 711 3702 interrogatus
735 3625 821 3692 erat,
855 3635 934 3676 num
958 3613 1136 3697 sibiejus-

90 3721 154 3789 dem
176 3727 227 3790 rei
249 3726 428 3791 dominium
446 3723 616 3788 tribueret.
646 3722 703 3786 Ad
722 3741 817 3805 quam
838 3716 1003 3793 Praetoris
1026 3714 1146 3780 intera·

89 3829 281 3910 rogationem
309 3829 337 3892 si
355 3845 530 3914 possessor
550 3836 606 3891 aut
619 3827 744 3892 tenebat
758 3829 812 3885 eut
825 3822 979 3904 negabat,
1000 3837 1036 3880 ee
1050 3839 1136 3890 oon-1

90 3936 136 3991 tre
154 3951 220 3995 esee
238 3932 497 4011 vindicaturum,
518 3951 572 3994 rea
594 3931 638 3994 ed
653 3923 898 4010 disoeptandum
912 3922 1053 4008 amplius
1066 3939 1137 3984 non

94 4043 154 4097 ent
180 4035 450 4098 accommodatas
479 4033 545 4101 iuro
581 4025 731 4097 omnibus
760 4025 946 4110 ambagibus
979 4019 1135 4110 praecisis

92 4136 215 4212 petitori
237 4159 293 4202 res
311 4159 330 4200 a
351 4135 508 4200 Praetore
529 4136 748 4200 addieebstur.
812 4128 868 4191 Sie
891 4149 963 4194 rem
982 4143 1054 4188 ⁸0⁸0
1073 4124 1138 4187 hs·

95 4235 191 4301 buisse
212 4259 254 4303 ex
272 4241 427 4304 cessionis
450 4241 577 4326 injure
598 4237 810 4313 solennitate,
841 4255 937 4320 quarn
959 4247 1001 4292 ex
1021 4225 1134 4291 vindi-
