2928 5068
148 361 341 458 '164

267 585 420 664 deberet,
440 592 480 650 ut
501 602 575 650 eum
595 577 755 646 creditori
772 580 978 659 restitueret,
997 576 1097 646 modo
1121 597 1141 640 s
1159 574 1332 642 creditore

266 691 441 772 probctnns
465 694 568 768 esset,
599 667 786 749 debitorem'
809 701 848 746 eo
870 693 1039 766 tempore,
1067 701 1132 764 quo
1155 681 1335 744 executio-

267 809 343 853 nem
365 811 429 875 pro
451 788 537 851 iscts
558 771 755 870 accepisset,
776 785 909 848 meliori
920 784 995 864 jure
1008 781 1213 866 possedisse,
1234 804 1335 866 quum

268 911 362 954 reum
385 901 419 956 et
443 890 513 974 ejus
535 901 698 954 auctores.
761 887 802 956 Id
826 887 961 950 defendi
980 893 1096 970 posset
1129 889 1171 948 L.
1201 894 1258 952 20·
1288 889 1336 953 D.

269 995 309 1055 de
325 993 510 1078 pignoribus
538 1007 570 1056 st
591 993 778 1076 hypothecis.
806 991 878 1053 XX.
904 999 932 1053 1.
962 990 1019 1056 ubi
1041 987 1175 1055 Pincus
1196 989 1314 1052 scribit
1323 1013 1337 1072 s¹

271 1097 332 1180 „St
352 1097 394 1156 cb
417 1117 468 1172 sc,
489 1102 545 1180 qui
563 1096 758 1160 Publiciana
778 1099 828 1158 uti
844 1099 961 1178 potuit,
983 1097 1060 1179 quia
1080 1093 1254 1156 donsissium
1269 1113 1336 1156 uon

270 1201 420 1285 „habuit,
463 1203 595 1284 pignori
613 1204 740 1285 accepi,
782 1203 832 1263 sic
858 1210 967 1261 tuetur
995 1219 1044 1260 ms
1066 1217 1128 1280 per
1145 1197 1338 1259 Smtanam

271 1307 443 1386 „Pruetcr,
488 1301 751 1388 quemadmodum
785 1305 956 1367 debitorem
986 1323 1047 1387 per
1074 1299 1337 1366 Publicianam!

270 1405 393 1468 Verum
414 1401 606 1488 enimuero,
649 1427 749 1490 quun
777 1407 830 1492 jus
855 1406 1003 1490 pignoris
1018 1405 1108 1468 'ficta
1139 1403 1340 1467 executione

272 1517 348 1592 ente
375 1529 446 1570 rem
467 1511 644 1593 judicatam
674 1520 707 1573 et
734 1511 909 1574 terminum
940 1508 1144 1570 executionis
1172 1505 1340 1569 constitu-

271 1621 340 1674 tun
362 1614 402 1676 ab
424 1611 613 1695 hypotheca
640 1633 659 1676 ι
678 1613 831 1679 debitore
855 1631 913 1675 suu
932 1619 1051 1694 sponte
1072 1610 1252 1674 constitute
1268 1627 1341 1668 no-

271 1714 358 1776 minc
382 1714 532 1795 quiden,
554 1735 616 1779 nec
639 1735 722 1780 vero
747 1697 863 1799 reapse
883 1711 1028 1791 differet,
1063 1722 1096 1776 et
1114 1715 1226 1776 Decio.
1249 1716 1279 1776 1.
1299 1708 1343 1770 ds

269 1835 355 1878 auno
377 1817 472 1880 1746.
495 1817 654 1880 sancitum
674 1817 732 1894 sit,
764 1816 919 1896 fundum,
949 1815 1014 1880 uisi
1035 1818 1074 1880 ab
1096 1835 1156 1899 co,
1192 1813 1250 1897 qui
1270 1812 1342 1874 do-

270 1915 406 1979 minium
430 1918 500 2001 ejus
522 1919 719 1982 investitura
740 1919 890 1983 sllodisli
909 1919 1089 2002 occeperit,
1124 1914 1344 2000 oppignorari

271 2037 342 2080 uon
362 2039 479 2101 posse:
514 2021 666 2101 equidem
688 2042 757 2084 uon
780 2021 912 2101 dubito,
947 2021 1027 2102 quin
1048 2038 1069 2083 a
1090 2021 1256 2084 creditore
1282 2017 1345 2099 pi·

272 2138 353 2200 gnus
378 2121 455 2184 ficte
478 2121 672 2182 executione
693 2122 906 2185 constitutum
922 2122 1051 2185 actione
1065 2131 1240 2206 persecuto
1254 2137 1345 2200 pro·

270 2221 343 2283 beri
367 2223 548 2286 dominium
573 2221 732 2286 debitoris
762 2224 861 2288 civile
887 2225 923 2288 in
946 2223 1054 2286 fundo
1085 2226 1209 2290 debent.
1271 2221 1346 2284 Ac-

272 2321 377 2401 cedit,
420 2323 511 2407 quod
536 2323 578 2386 ad
608 2336 790 2390 extremum
819 2328 954 2411 pignus,
998 2345 1189 2410 quumque
1210 2324 1346 2387 rstioue

271 2425 485 2504 coustitutum
509 2426 570 2509 sit,
592 2447 663 2492 esm
683 2428 783 2492 hebet
802 2429 890 2509 rim,
914 2439 953 2491 ut
974 2429 1112 2493 distrahi
1133 2449 1152 2490 a
1174 2425 1348 2490 creditore

272 2524 387 2606 possit.
454 2525 516 2590 lna
540 2539 649 2592 cutem
670 2529 841 2594 distractio
862 2533 899 2595 in
922 2531 1067 2595 Saxonis
1095 2552 1115 2592 e
1133 2529 1243 2615 judice
1264 2537 1348 2590 tsn-

271 2631 342 2688 tum
370 2629 504 2692 nomine
536 2630 711 2694 creditoris
742 2634 803 2695 suh
830 2633 922 2696 haste
953 2631 1087 2717 publica
1115 2632 1190 2695 fieri
1219 2640 1348 2713 potest.
1397 2615 1403 2628 '

274 2725 452 2804 Quomodo
478 2743 586 2796 tomen
609 2733 714 2816 judici
736 2735 865 2820 imponi
883 2744 1014 2820 potest,
1035 2717 1078 2796 ut*
1093 2733 1232 2797 fundum
1256 2751 1350 2794 ven·

273 2830 329 2892 det
351 2833 411 2900 sub
435 2833 547 2917 hoste,
569 2835 634 2898 nisi
654 2835 697 2898 de
719 2837 866 2901 dominio
892 2836 1049 2901 debitoris
1074 2845 1220 2916 constet,
1248 2835 1350 2920 cujus

210 2925 212 2930 ’
271 2930 348 3015 jure
375 2935 524 3000 creditor
546 2940 668 3017 utitur,
694 2959 795 3022 quum
816 2939 965 3002 venditio
992 2939 1202 3002 celebretur?
1242 2935 1352 3013 Quod

272 3033 359 3096 euim
387 3037 435 3110 iu¹
454 3038 653 3102 alienatione
680 3041 886 3112 ¹voluntarie
913 3043 1003 3104 valet
1031 3059 1074 3102 ex
1103 3043 1212 3104 Decie.
1245 3049 1275 3104 t.
1306 3043 1352 3103 ds

273 3155 357 3197 auno
380 3140 489 3223 itte,
510 3151 548 3204 ut
572 3157 642 3205 erm
662 3151 732 3204 tuns
750 3151 876 3206 tentum
889 3133 994 3228 judex
1015 3140 1209 3205 confirmare
1226 3153 1351 3206 teneu-

275 3241 346 3313 tur,
392 3257 508 3318 quum,
549 3244 607 3323 qni
630 3244 766 3320 elisum,
784 3229 959 3318 dominus
982 3245 1041 3324 sit,
1075 3261 1145 3307 non
1167 3246 1275 3310 minus
1302 3243 1351 3310 de

275 3329 475 3404 alienatione
499 3343 683 3408 necessaris
704 3343 927 3429 accipiendum
957 3363 1029 3409 esse
1049 3346 1192 3410 ridetur.

705 3499 708 3510 .
759 3567 800 3653 s.
838 3567 876 3636 7·
912 3577 918 3606 ι.

359 3715 472 3800 Longo
500 3719 596 3784 clitsr
621 3742 676 3786 res
702 3744 774 3798 sese
798 3709 921 3810 hebet,
977 3695 1005 3792 ‘si
1030 3725 1177 3800 creditor
1205 3738 1354 3814 propter

274 3814 491 3899 hypothecam
526 3824 657 3889 tacitam
693 3827 822 3904 sctione
854 3827 1091 3912 hypothecaria
1124 3830 1242 3896 utitur.
1273 3879 1276 3888 Δ
1308 3833 1354 3898 ln

277 3915 420 4014 Saxonis
450 3926 537 3988 eninr
565 3911 784 4011 hypothecue¹
807 3929 936 4004 tccitae
955 3938 1061 3992 totum
1095 3915 1254 3996 debitoris
1283 3955 1353 4019 pe-

277 4009 649 4116 trimohidrir2obligcnt.
693 4029 732 4094 in
755 4019 951 4118 hypethecis
973 4043 1103 4116 eutem,
1144 4031 1260 4124 fluibus
1288 4047 1352 4100 tu-

277 4111 527 4190 tuu'r'debitoris
550 4127 781 4212 patrimonium¹
800 4132 987 4216 obligetur,
1022 4135 1089 4219 jeus
1113 4157 1159 4224 ex¹
1175 4138 1250 4220 jure
1271 4138 1352 4202 Ro-
