2960 5064
1145 315 1195 390 23

447 431 456 462 t

129 529 212 582 tore
235 518 341 602 speeie
363 517 535 600 proposita
551 513 762 599 probationes
782 514 1000 598 perficiendae
1021 529 1114 597 sunt,
1142 521 1197 582 ala

129 632 227 694 tera,
258 641 320 703 qua
340 621 474 684 modum
496 617 697 700 acquirendi,
730 621 849 702 altera,
879 635 940 702 qua
964 624 1104 686 auctoris
1128 625 1194 694 do-¹

129 725 272 788 minium
302 721 463 798 ostendit,
507 739 549 782 ex
580 719 709 801 vulgari
737 733 842 786 autem
871 723 1036 790 doctrina
1053 736 1192 809 unaque

129 826 289 906 probatio
313 825 421 886 statim
450 822 675 905 conjungenda
703 833 798 908 atque
820 847 885 890 una
905 827 1107 892 absolvenda
1129 837 1188 892 est¹

128 925 213 990 Eam
233 929 336 1010 ipsam
360 928 401 986 ob
423 945 558 1002 eausam,
580 925 670 1008 quod
692 926 733 989 lis
757 929 907 994 breviori
929 938 1078 1014 tempore
1100 929 1191 992 finiri

126 1038 264 1110 potest,
286 1028 430 1110 vulgaris
454 1027 613 1090 sententie
632 1027 697 1090 hoo
723 1029 855 1111 quidem
878 1053 952 1096 casu
972 1030 1190 1115 praeferenda

129 1150 208 1191 esse
227 1129 368 1192 videtur.
411 1130 458 1190 Ac
479 1140 651 1214 praeterea
671 1131 789 1196 mirum
811 1144 874 1213 est,
912 1155 954 1200 ex
974 1134 1189 1198 Thibautiana

129 1234 294 1295 sententia
313 1231 506 1315 petitorem,
548 1241 586 1306 ut
605 1232 680 1316 jure
701 1234 814 1298 stricto
836 1237 970 1300 vincere
988 1257 1084 1298 reum
1104 1256 1190 1317 pos-

131 1334 192 1414 sit,
235 1335 321 1416 cogi,
364 1345 402 1396 nt
430 1345 546 1398 eontra
574 1353 609 1396 se
635 1335 998 1417 ipsum·probationem
1027 1338 1188 1418 suscipiat,

129 1457 195 1516 qua
217 1456 252 1496 se
272 1447 420 1520 tempore
442 1436 643 1501 venditionis
674 1435 855 1500 celebratae
879 1440 930 1502 rei
948 1440 1100 1502 venditae
1119 1459 1189 1502 non

125 1538 231 1600 fuisse
251 1538 420 1602 dominnm
443 1538 602 1602 ostendat.
648 1538 748 1614 Quod
776 1540 856 1602 mihi
877 1540 1008 1622 quidem
1032 1563 1105 1606 enm
1129 1561 1187 1623 reg·
1262 1601 1264 1605 .

125 1640 214 1720 gulis
236 1641 278 1704 de
296 1641 461 1722 probandi
483 1641 588 1708 officio
618 1641 818 1724 imponendo
841 1643 1030 1714 constitutis,
1048 1643 1188 1728 ,videtur

125 1743 189 1813 vix
214 1761 313 1824 posse
343 1743 525 1810 conciliari.

593 1930 624 2016 s.
667 1929 720 2000 rs.

214 2051 338 2132 Porro,
381 2052 437 2134 qni
459 2051 703 2116 Thibsutianam
726 2055 916 2126 sententiam
938 2052 1189 2134 amplectuntur,

125 2156 187 2218 vix
211 2163 370 2236 poterunt
392 2154 560 2232 invenire,
604 2155 683 2239 quid
706 2177 819 2218 causae
847 2159 906 2234 sit,
945 2176 1004 2220 cur
1028 2141 1187 2234 ianuae}

126 2258 235 2318 stione
262 2256 399 2317 dominii
420 2257 460 2316 ab
483 2277 543 2332 eo,
563 2259 616 2318 cui
639 2259 758 2323 evictio
781 2257 965 2341 immineat,
994 2255 1120 2318 auctori
1143 2255 1187 2315 lis

125 2358 244 2420 debeat
268 2357 467 2420 denunciari.
531 2357 736 2423 Evietionem
768 2379 810 2421 ex
840 2381 939 2442 eausa,
963 2357 1101 2421 dominii
1123 2355 1189 2424 ἆυ,

124 2459 206 2541 plici
225 2462 325 2523 modo
346 2460 421 2524 fieri
448 2483 547 2544 posse
575 2471 711 2527 constat.
766 2462 833 2524 Aut
860 2465 945 2544 enim
973 2458 1090 2524 emtori
1117 2477 1188 2518 rem

124 2561 306 2626 vindicanti
327 2584 346 2622 a
367 2583 561 2646 possessore
584 2564 734 2645 exceptio
758 2563 896 2626 dominii
925 2563 1097 2647 objicitur,
1134 2571 1189 2622 aut

128 2662 278 2724 dominus
310 2665 362 2726 rei
392 2685 462 2727 eam
489 2666 636 2730 vindicat
664 2669 703 2728 ab
735 2686 794 2750 eo,
837 2666 893 2747 qni
923 2661 1077 2746 negotio,
1122 2683 1186 2743 quo

129 2762 309 2825 dominium
331 2768 504 2828 transferri
520 2768 622 2847 solet,
644 2790 713 2831 eam
732 2772 770 2831 ab
794 2768 859 2830 alio
879 2764 1061 2846 acquisivit.
1085 2763 1190 2824 Utro-¹

129 2884 193 2945 qne
212 2885 288 2928 casu
308 2867 435 2927 auctori
454 2868 496 2928 lis
519 2868 743 2930 denunciando
767 2877 831 2944 est,
871 2866 975 2928 altero
996 2868 1045 2928 'ab
1068 2874 1188 2942 actore,

129 2966 234 3027 altero
260 2987 379 3049 areo,
408 2971 464 3049 qni
485 2969 601 3031 metuit
622 2971 828 3032 evictionem.
876 2964 955 3028 Litis
981 2965 1187 3030 denunciatio

128 3054 295 3130 autem'eo
318 3072 458 3132 oonsilio
484 3071 539 3146 fit,
582 3081 620 3134 ut
647 3079 762 3133 auctor
788 3069 856 3151 illi,
902 3069 956 3128 cui
979 3065 1114 3154 vaduam
1138 3065 1188 3128 rei

127 3171 368 3252 possessionem
390 3175 522 3236 tradere
543 3174 673 3256 debuit,
707 3175 743 3234 in
766 3170 824 3232 lite
846 3173 932 3232 ferat
953 3170 1111 3232 auxilium
1130 3169 1188 3231 vel

129 3273 240 3334 mediis
262 3275 426 3356 probandi
448 3276 727 3339 subministrandis
757 3277 815 3337 vel
837 3273 1083 3357 exceptionibus
1105 3285 1189 3339 con-j

131 3383 180 3434 tra
201 3373 424 3439 adversarium
445 3378 662 3461 opponendis.
715 3375 777 3438 Fac
797 3398 894 3459 ergo,
939 3383 1098 3436 amtorem
1118 3392 1187 3433 rem

133 3475 170 3535 ab
198 3484 352 3537 extraneo
379 3499 572 3559 possessore
599 3489 714 3560 petere
752 3479 932 3538 dominium
962 3475 1095 3535 emtoris
1125 3493 1186 3534 ne-

132 3584 240 3656 gante:
268 3561 382 3637 nonne·
400 3580 492 3640 litem
513 3601 531 3639 a
552 3581 696 3660 petitore
720 3579 846 3640 auctori
868 3576 1058 3641 denunciari
1082 3595 1187 3659 opor-

131 3679 202 3742 tet?
247 3689 279 3738 et
300 3679 328 3739 si
348 3680 435 3741 illud
458 3683 676 3764 concesseris,
720 3702 778 3743 cur
804 3671 841 3742 id
868 3679 925 3741 fiat
953 3699 1087 3740 necesse
1115 3675 1188 3736 est?
1271 3685 1273 3692 ⁴

132 3781 225 3862 ldeo,
262 3790 300 3842 ut
322 3783 459 3864 opinor,
493 3793 530 3846 nt
551 3795 667 3846 auctor
695 3786 730 3848 in
756 3783 900 3846 dominio
922 3779 1096 3863 probando
1123 3765 1188 3859 pez

132 3886 261 3946 titorem
285 3885 419 3969 adjuvet
434 3899 466 3950 et
486 3909 525 3950 eo
547 3890 687 3971 probato
713 3887 907 3949 evictionem
927 3892 1063 3948 avertat.
1088 3878 1188 3952 Quod

134 3997 169 4048 ut
186 3987 362 4068 probetur,
383 3993 525 4053 auctoris
546 3991 648 4072 ipsius
671 3991 826 4066 interest,
846 3989 938 4069 quia,
965 3987 993 4045 si
1013 4005 1083 4046 rem
1097 3999 1185 4042 snam

135 4092 230 4152 fuisse
251 4109 319 4150 non
340 4093 449 4173 potnit
474 4103 672 4171 monstrare,
717 4092 887 4154 evictionis
917 4087 1099 4172 periculum
1128 4090 1188 4142 sni

136 4193 229 4255 stinet
250 4201 282 4254 et
305 4191 340 4253 id
371 4194 461 4276 quod
482 4196 619 4260 interest
644 4175 761 4259 emtori
781 4202 947 4278 praestare
970 4190 1074 4252 debet.
1119 4181 1187 4244 iam
