2928 5068
312 355 364 446 96

321 627 323 634 ,
354 563 496 652 differet,
541 561 627 622 omni
650 533 840 644 allegatione
868 557 993 624 absenti
1013 555 1052 622 de
1070 557 1250 644 principali
1276 583 1372 649 φωρ·

356 675 456 734 stione
481 676 619 727 servata.
688 673 691 680 ‘
741 719 747 729 .
1111 643 1140 668 '⁴

311 753 535 852 Quaquidem
551 765 643 848 lege,
678 779 716 830 ut
737 765 875 850 opinor,
906 786 976 830 non
998 763 1222 832 introductum
1247 753 1372 849 ahbnid

313 887 378 951 est,
409 870 536 954 quoda
555 869 630 954 jure
659 869 835 953 antiquiori
847 871 976 942 ,mirum
998 865 1154 951 quantum
1173 871 1371 952 abhorreat3

312 974 371 1038 sed
397 971 482 1034 illud
511 981 635 1034 tautum
661 973 797 1050 factum‚'
840 981 878 1034 ut
914 971 1161 1054 prospiceretur
1186 972 1217 1034 ei
1224 1017 1236 1052 ,
1278 973 1371 1057 cnjus

311 1077 444 1153 nomine
468 1073 582 1154 aliquis
613 1095 683 1136 rem
706 1074 906 1156 possidebat.
974 1072 1202 1136 consessum
1228 1075 1371 1136 enimin

193 1213 198 1224 ι
310 1182 382 1264 loge
406 1174 545 1240 ferenda
564 1177 736 1239 consilium
768 1196 837 1238 non
864 1174 982 1254 fuisse,
1022 1185 1060 1238 ut
1093 1197 1218 1239 novum
1248 1175 1372 1258 aliquid

312 1293 346 1344 et
373 1284 411 1343 ab
438 1281 494 1358 iis,
538 1299 620 1362 qnae
639 1277 835 1363 jampridem
863 1279 1040 1340 constituta
1066 1290 1192 1358 essent,
1232 1299 1369 1360 prorsus

312 1384 454 1446 alienum
475 1383 704 1458 constitueret,
726 1381 793 1466 jam
814 1401 857 1444 ex
880 1401 919 1444 eo
944 1380 1108 1462 sequitur,
1129 1380 1220 1464 qnod
1244 1383 1280 1444 in
1302 1384 1371 1464 ipsa

311 1483 547 1549 constitutione
571 1483 777 1546 humanitatis
793 1485 895 1566 mutia
915 1481 1041 1546 occasio
1067 1483 1195 1545 scotori
1206 1484 1260 1568 jus
1277 1503 1369 1544 suum

310 1589 468 1650 adversus
497 1585 673 1670 petitorem
706 1585 925 1648 conservandi
965 1587 1003 1647 ab
1033 1603 1139 1666 eoque
1172 1584 1369 1650 defendendi

312 1691 384 1753 dari
405 1689 534 1750 dicitur.
577 1687 629 1752 Sic
653 1709 731 1770 ergo
753 1689 913 1772 principia
931 1687 1013 1772 juris
1036 1687 1158 1770 antiqui
1180 1708 1223 1751 ex
1244 1688 1370 1760 Pandeq

310 1797 373 1856 ctis
395 1802 489 1852 antea
511 1791 662 1873 exposita
683 1791 744 1851 hac
767 1792 839 1872 lege
866 1791 1033 1852 immutata
1057 1809 1127 1852 nou
1156 1799 1241 1855 sunt.
1305 1790 1368 1852 lta·

309 1915 375 1980 que
399 1893 687 1977 adprobationem
717 1893 853 1974 dominii
880 1891 1017 1974 petitori
1043 1892 1272 1976 injungendam
1301 1893 1370 1956 sni-

309 1999 397 2078 ficit,
432 1985 676 2088 'si'possessor‘
695 2016 730 2058 se
760 1991 932 2077 possidere
968 1994 1090 2055 dixerit
1125 2003 1157 2056 et
1191 1995 1369 2072 dominium
1459 2005 1460 2012 ’

309 2100 430 2162 actoris
457 2098 636 2180 negaverit.
699 2095 758 2159 Sin
790 2105 897 2156 antem
926 2097 1097 2177 negaverit
1123 2115 1159 2156 se
1190 2097 1369 2179 possidere,

310 2209 381 2286 tum
404 2202 569 2283 possessio
594 2200 635 2261 ad
655 2200 831 2284 petitorem
855 2219 896 2260 ex
909 2198 986 2282 jure
1008 2198 1122 2260 stricto
1146 2201 1370 2264 transferenda

312 2312 379 2382 est,
423 2303 498 2385 qnia
515 2303 723 2365 adversarius
748 2299 895 2382 negando
926 2321 967 2362 se·
982 2299 1155 2383 possidere
1178 2301 1370 2384 significavit

312 2425 348 2468 se
373 2405 513 2474 animum
535 2403 660 2466 domini
680 2424 750 2465 non
769 2403 889 2465 babere
918 2411 952 2464 et
981 2400 1023 2464 de
1046 2401 1192 2464 dominio
1219 2405 1370 2485 petitoris

309 2529 380 2572 non
402 2506 561 2568 dubitare.
603 2503 682 2566 Ideo
704 2504 901 2588 probatione
924 2503 1060 2567 dominii
1074 2506 1372 2588 contra'ejusmodi

311 2609 536 2672 adversarium
567 2629 649 2689 opus
678 2631 748 2671 non
780 2615 838 2668 ess
901 2605 971 2669 Jam
1003 2627 1087 2669 vero
1124 2607 1371 2670 consessurus

308 2711 450 2774 Macros
467 2730 487 2770 a
502 2710 675 2773 detentore
696 2712 748 2773 rei
765 2718 949 2788 auctorem,
971 2710 1064 2793 cnjus
1085 2709 1218 2770 nomine
1240 2709 1275 2770 in
1290 2729 1371 2792 pos-

308 2813 457 2876 sessione
481 2821 545 2892 est,
587 2813 751 2891 nominari
774 2823 806 2876 et
832 2811 910 2875 huic
932 2813 1072 2896 spatium
1102 2810 1255 2894 ajudice
1271 2832 1371 2894 prae-

307 2916 411 2977 scribi
433 2915 525 2994 vult,
547 2927 649 2979 utne
670 2913 890 2999 possessionis
907 2912 1087 2977 commodis
1108 2913 1261 2995 privetur
1284 2916 1372 2978 etad
1461 2919 1462 2928 ’

305 3017 360 3092 Υτοι
384 3016 638 3094 vindicationem
663 3018 866 3100 respondere
887 3015 1003 3099 possit.
1045 3014 1111 3089 Qui
1132 3013 1160 3076 si
1181 3015 1268 3077 intra
1288 3025 1373 3078 tem.

241 3169 242 3172 ,
307 3137 370 3198 pus
394 3120 608 3180 constitutum
630 3141 699 3182 non
728 3129 878 3202 apparet,
919 3119 1130 3201 possessione
1160 3118 1195 3179 in
1227 3127 1372 3182 actorem

303 3219 537 3298 ,manutenenda
558 3221 717 3301 privatur.
766 3221 821 3283 Sic
842 3220 1021 3282 nominatio
1054 3223 1197 3282 auctoris
1220 3241 1290 3284 non
1322 3233 1374 3285 est

310 3319 463 3402 exceptio
485 3339 622 3401 prorsus
653 3340 743 3409 novo
771 3324 841 3384 sine
868 3322 1067 3404 probatione
1092 3322 1160 3384 litis
1189 3323 1373 3404 ingressum

305 3421 508 3506 impediens5
532 3423 591 3484 sed
609 3421 680 3484 sola
702 3424 830 3507 negatio
853 3423 1069 3507 possessionis
1091 3445 1109 3485 a
1128 3435 1222 3507 parte
1248 3425 1376 3490 advar-

307 3527 386 3587 sarii
410 3546 479 3588 eam
499 3526 622 3600 ¹habere
645 3526 743 3589 debet
764 3530 850 3609 vim,
869 3536 908 3589 ut
929 3537 1001 3589 tcta
1020 3525 1063 3587 lis
1082 3525 1214 3590 finiatur
1236 3537 1268 3588 et
1287 3551 1375 3610 pos-

306 3627 410 3690 sessio
433 3627 490 3690 fiat
509 3627 673 3710 petitoris.
739 3629 841 3710 Igitur
866 3628 1046 3692 nominatio
1078 3630 1220 3691 auctoris
1247 3639 1375 3694 tantum

306 3727 514 3790 humanitatis
536 3731 638 3811 gratie
661 3751 679 3790 a
699 3731 935 3794 Consrartrano
956 3729 1078 3800 Macro
1098 3730 1287 3796 introducta
1311 3743 1373 3813 est,

308 3837 347 3891 ut
366 3830 494 3890 auctori
521 3831 763 3913 possessionem
783 3842 946 3912 servaret,
990 3854 1052 3908 nec
1081 3853 1163 3896 vero
1188 3842 1226 3894 ut
1248 3853 1373 3898 novam

309 3929 536 4008 exceptionem
563 3933 729 3993 veteribus
757 3935 901 4015 ignotam
941 3941 1129 4017 possessori
1164 3937 1374 4004 concederet.

235 4069 237 4074 ·
307 4031 415 4112 Atque
447 4041 484 4093 ut
505 4033 612 4094 omnia
647 4035 917 4117 complectamur,
959 4037 1006 4115 is,
1050 4047 1165 4100 contra
1184 4059 1290 4120 ,quem
1319 4041 1373 4104 rei

303 4129 486 4214 ¹vindicatio
507 4135 688 4214 instituitur
718 4149 751 4199 et
780 4126 872 4200 actor
894 4139 937 4204 ad
958 4138 1165 4220 probandum
1180 4140 1374 4206 'dominium

270 4316 272 4320 Α
305 4235 455 4320 cogitur,
491 4237 598 4302 animo
619 4260 689 4308 rem
714 4236 1128 4326 sibisbabendi'possidere
1146 4242 1271 4324 'debets
1307 4243 1373 4328 *qui
