2928 5068
328 373 404 451 ΗΟ

325 576 369 642 sd
390 591 464 637 eum
483 586 591 634 casum
613 574 777 652 spectem,
796 563 899 652 qnnus'
913 559 1050 649 uusqu
1074 583 1152 651 pars
1170 565 1301 650 probat,
1321 587 1383 629 sn.

323 689 451 744 ctorem
469 671 606 736 alterins
630 669 733 754 partis
764 671 849 734 mals
871 667 939 731 tide
962 687 1035 732 rens
1063 665 1155 732 tertii
1182 667 1385 755 vendidisse,

324 801 386 844 nec
405 796 487 840 vero
510 772 552 834 de
575 794 616 835 eo
639 793 717 836 casu
737 770 950 854 intelligenda
970 780 1061 850 sunt,
1093 787 1162 852 qno
1183 779 1278 834 sotor
1297 791 1385 856 pro-

323 887 396 960 bst,
417 869 488 944 rem
509 893 581 938 ese
602 872 774 938 bonafide
793 893 977 958 possessam
1000 875 1041 937 ab
1063 871 1129 934 alio
1153 872 1238 935 mala
1258 872 1327 936 fide
1350 873 1385 936 in

323 1003 417 1050 reum
443 997 513 1041 esse
535 973 740 1059 translatam,
779 985 908 1040 atreus
931 977 1078 1062 excepit,
1107 984 1251 1038 actorem
1274 975 1385 1059 ipsum

324 1107 345 1148 a
365 1083 469 1147 malas
500 1076 579 1141 fidei
605 1097 798 1163 possessore
830 1097 957 1142 causans
986 1078 1149 1164 accepisse
1177 1075 1387 1162 possidendis

322 1185 371 1252 Eo
402 1182 489 1250 enim
507 1201 583 1244 casn
602 1201 679 1246 reus
707 1183 837 1248 ratione
865 1179 985 1244 actoris
1007 1181 1117 1244 habita
1147 1177 1301 1242 vitiosam
1320 1177 1385 1242 bs·

323 1291 380 1351 bet
399 1282 656 1372 possessionem,
678 1286 753 1370 quia
771 1303 843 1348 rem
865 1282 950 1348 mala
962 1283 1028 1348 fide
1040 1281 1212 1346 alienatam
1230 1289 1385 1364 tanquam

321 1389 478 1454 furtivam
498 1385 664 1470 possidet3
686 1387 805 1454 actoris
825 1397 932 1450 sutem
946 1385 1130 1474 possessio,
1151 1383 1231 1446 licet
1246 1402 1265 1442 a
1278 1381 1385 1445 malae

321 1491 402 1554 fidei
419 1505 614 1574 possessore
633 1479 802 1572 derivata,
828 1489 958 1555 ratione
983 1486 1162 1552 adversarii
1179 1484 1292 1548 habits
1311 1502 1384 1545 non

321 1602 372 1656 est
391 1593 530 1667 vitioss;
553 1609 631 1674 ergo
657 1603 766 1676 actor,
787 1592 864 1679 qnia
882 1590 1015 1654 meliori
1034 1589 1109 1676 jure
1127 1585 1287 1674 possedit,
1303 1585 1385 1660 vin:

320 1713 398 1760 cere
416 1693 528 1758 debet.

785 1862 820 1952 s.
863 1857 919 1934 13.

401 1997 473 2064 'Sed
493 2000 569 2085 qnia
596 1999 670 2067 fieri
688 2011 816 2088 potest,
859 2001 956 2064 sicuti
982 1999 1049 2089 jam
1077 2009 1189 2080 antes,
1233 2017 1308 2064 oum
1339 1999 1381 2063 ds
1419 2023 1421 2031 ·

319 2105 481 2172 sententia
500 2125 520 2168 ι
543 2107 589 2168 Ol.
616 2103 789 2168 Hauscnnu
811 2105 983 2190 proposita
1004 2105 1249 2182 dissereremus,
1270 2104 1379 2189 pinri—
1449 2149 1450 2166 1

317 2211 379 2275 bus
401 2209 625 2272 demonstrare
650 2207 849 2286 studuimus,
878 2215 915 2268 nt
933 2217 1051 2294 puotor
1069 2207 1271 2288 possessoris
1293 2209 1379 2270 bona

317 2313 384 2374 fide
404 2303 610 2389 vendiderit,
626 2310 771 2394 ideoque
791 2297 876 2373 mala
896 2309 969 2395 ejus
990 2309 1072 2371 fides
1102 2329 1121 2371 a
1141 2310 1286 2392 petitore
1311 2309 1378 2372 Pu-

316 2412 460 2477 bliciana
481 2411 610 2474 actione
632 2411 780 2475 instituta
798 2411 935 2496 probari
953 2432 1022 2473 uon
1044 2413 1167 2496 possit,
1198 2432 1275 2476 rens
1300 2433 1377 2495 ergo

318 2511 542 2577 absolvendus
566 2514 627 2593 sit;
670 2517 710 2578 ab
739 2522 851 2576 actore
874 2535 911 2578 ea
932 2513 1060 2576 actione
1087 2513 1211 2577 frustra
1231 2515 1378 2578 instituta

265 2603 268 2608 ¹
317 2615 360 2678 ad
378 2613 432 2678 rei
456 2613 713 2680 vindicationem
728 2615 982 2698 confugiendum
1001 2624 1064 2695 est,
1084 2623 1123 2678 ut
1136 2617 1193 2680 vel
1207 2627 1378 2681 suetorum

316 2715 463 2780 dominio
491 2717 549 2780 vel
575 2719 783 2802 fusucapioue
817 2721 959 2803 probata
991 2719 1170 2782 victoriam
1204 2727 1376 2803 reportare

316 2828 424 2903 quest.
487 2817 590 2884 Vides
616 2820 717 2904 igitar
745 2821 797 2884 rei
822 2821 1079 2886 vindicationem
1109 2821 1286 2885 adomino
1308 2830 1376 2882 tum

286 2995 290 3002 ⁴
316 2927 449 2988 demum
471 2943 543 2986 esse
557 2909 806 3004 instituendam,
827 2945 926 3010 qaum
941 2925 1068 2988 actione
1082 2923 1269 2986 hsblioisna
1282 2940 1375 2984 reum

313 3028 450 3091 vincere
470 3045 540 3088 nou
559 3026 685 3109 possit5
706 3025 794 3088 ande
813 3035 903 3111 patet
916 3026 1146 3109 probationem
1166 3023 1308 3087 dominii
1320 3037 1376 3086 sn·

314 3127 434 3204 ctoris,
456 3125 521 3188 nisi
542 3127 649 3189 statim
669 3127 721 3190 rei
739 3128 966 3190 vindicatione
986 3137 1080 3190 actor
1094 3128 1196 3196 fuerit
1210 3135 1375 3210 expertus,

314 3247 383 3290 non
408 3244 480 3288 esse
501 3227 730 3305 necessariam,
768 3229 828 3291 sed
854 3229 891 3288 in
921 3229 1099 3293 subsidium
1125 3239 1250 3294 tantum
1271 3227 1374 3312 perii·

314 3325 471 3394 ciendam.
515 3329 619 3404 Quam
641 3328 684 3390 ob
706 3347 777 3393 resn
802 3349 969 3391 caussam
989 3341 1148 3414 patronus
1164 3333 1278 3395 clienti
1292 3351 1374 3392 con·

314 3431 462 3494 culturus
494 3431 602 3517 primo
630 3429 708 3494 ioco
739 3432 927 3496 Publiciana
953 3433 1081 3497 actione
1117 3433 1244 3515 utetur,
1286 3441 1320 3496 et
1345 3435 1373 3496 si

312 3533 599 3608 animadverterit,
618 3553 654 3595 se
678 3531 739 3598 illa
761 3536 954 3602 inferiorern
974 3556 1044 3600 esse
1064 3537 1297 3620 discessurum,
1319 3559 1372 3600 ss·

313 3621 417 3696 lutens
436 3636 471 3698 in
492 3638 546 3699 rei
564 3636 787 3700 vindicatione
807 3651 950 3722 quaeret
1013 3637 1082 3704 Jsm
1103 3662 1186 3706 vero
1211 3661 1311 3725 quum
1336 3641 1371 3703 in

311 3737 429 3800 libello
452 3739 604 3818 actionis,
624 3739 727 3823 quatis
749 3742 837 3825 apud
855 3744 1033 3829 nosjcdici
1058 3745 1172 3808 offerri
1188 3745 1285 3824 solet,
1307 3763 1371 3805 no-

313 3858 389 3902 men
407 3839 547 3903 sotionis
570 3863 639 3905 non
667 3842 891 3925 contineatur,
931 3847 1030 3910 facile
1056 3847 1130 3910 tieri
1159 3856 1288 3932 potest,
1333 3855 1369 3908 ut

313 3959 482 4002 cansarum
500 3953 659 4025 patronus
683 3965 799 4011 errore
821 3949 931 4030 lapsus
946 3949 1108 4034 ejusmodi
1122 3949 1271 4012 libellum
1285 3951 1368 4012 scri*

312 4047 386 4122 bat,
428 4061 524 4126 quens
551 4045 654 4128 judex
686 4049 738 4112 rei
772 4049 1025 4113 vindicationem
1060 4059 1154 4133 putet
1187 4053 1365 4130 continere,

315 4147 439 4208 etiamsi
461 4165 503 4206 ex
525 4149 664 4213 consilio
694 4152 848 4214 advocati
866 4153 1094 4216 Publicianam·
1109 4163 1235 4218 tantum
1259 4157 1364 4216 sotio·-

313 4267 388 4310 nem
409 4245 652 4332 complectatur.
717 4253 772 4318 Sic
794 4255 830 4316 in
857 4255 972 4318 libello
994 4263 1088 4319 sotor
1110 4255 1223 4321 dicere
1243 4238 1365 4342 potest,
