2960 5064
304 357 355 436 50

308 579 399 646 eum,
436 562 492 648 qui
514 545 749 644 proprietatem
769 557 821 620 rei
838 555 991 637 haberet,
1014 563 1084 623 esse
1107 563 1280 641 putarunt,¹
1301 542 1373 619 sic-

307 670 358 731 uti
380 687 423 730 ex
454 666 646 746 glossemate
671 669 781 745 patet,
829 662 865 724 in
895 661 1044 723 omnibus
1074 661 1145 723 fere
1166 659 1373 721 editionibus
1465 659 1466 700 ³

308 771 400 833 uncis'
422 768 569 830 inclusor
598 766 655 829 ssd
683 778 712 827 et
733 768 763 826 aa·
790 765 910 827 domini
939 766 1105 826 voluntate
1131 761 1282 849 [damma]
1305 785 1378 825 rem
1465 761 1466 780 i

310 872 424 936 tradat
445 877 507 930 etc.
551 867 602 931 De
626 868 771 932 secundo
801 869 878 930 loco
906 864 995 928 idem
1024 862 1103 926 mihi
1126 865 1376 947 persuaderem,

311 973 415 1039 aiibi
444 957 674 1052 qua'ereretur,
717 979 873 1057 possetne
908 987 1024 1030 servus
1055 967 1106 1030 rei
1134 967 1376 1052 proprietatem

310 1076 491 1140 mnsierre
512 1072 583 1134 sine
604 1073 730 1138 domini
757 1076 810 1139 rei
836 1072 1019 1134 voluntate.
1076 1069 1156 1134 'dam
1185 1091 1269 1134 vero
1299 1067 1377 1152 quia
1466 1055 1467 1130 ἶ

310 1187 381 1242 non
403 1178 487 1257 hoc,
508 1175 569 1236 sed
588 1175 675 1240 illud
694 1177 882 1261 quaeritur,
903 1173 1051 1259 possitne
1074 1193 1191 1237 servus
1215 1173 1285 1236 sine
1307 1171 1373 1232 do·
1466 1181 1467 1212 1

311 1282 392 1344 mini
411 1280 463 1344 sui
483 1277 656 1340 voluntate
674 1281 727 1342 rei
745 1277 926 1342 dominium
953 1277 989 1336 in
1016 1277 1156 1339 alterum
1184 1275 1377 1366 transferre,

313 1402 391 1465 ergo
414 1403 482 1444 non
505 1380 547 1441 de
570 1401 610 1444 eo
637 1381 823 1462 dubitatur,
858 1401 937 1444 num
957 1380 1004 1454 is,
1036 1380 1129 1463 cujus
1152 1400 1206 1442 res
1234 1388 1377 1440 acervo

311 1467 430 1548 hadita
454 1485 515 1562 sit,
538 1485 690 1548 dominus
713 1484 898 1560 reiicerit,
926 1483 984 1544 sed
1005 1481 1047 1544 de
1075 1497 1114 1542 eo
1136 1481 1265 1565 potius,
1297 1497 1379 1542 num
1467 1461 1468 1500 ³

313 1567 515 1648 consenserit
536 1586 688 1650 dominus
710 1585 915 1648 traditionis
935 1606 1033 1650 servo
1060 1605 1120 1648 suo
1143 1585 1257 1664 iactae,
1280 1583 1379 1645 etiam

313 1689 493 1750 secundum
516 1687 628 1776 locum
651 1685 692 1750 od
712 1687 967 1751 confirmandam
988 1689 1158 1771 vulgarem
1183 1687 1378 1750 sententiam

314 1789 463 1855 adhiberi
489 1809 560 1854 non
578 1811 678 1875 posse
701 1777 857 1862 aibitror.
1369 1785 1372 1790 ’

794 1964 900 2054 se
1036 1869 1041 1882 .
1185 2017 1196 2046 ‹

336 2125 338 2136 ·
400 2069 563 2150 Locorum
584 2095 708 2165 autem,
727 2086 845 2170 quibua
863 2083 1035 2168 vulgarem
1059 2085 1101 2147 de
1120 2067 1292 2169 probando
1311 2087 1378 2150 do-

313 2190 414 2256 minio
444 2188 636 2252 sententious
662 2167 857 2252 confirmare
884 2188 1010 2266 studui,
1053 2190 1229 2250 auctoritas
1258 2199 1296 2252 ut
1323 2191 1380 2250 iu-

313 2273 406 2374 tegra
426 2301 597 2376 servetur,
624 2309 757 2354 necesse
782 2301 847 2372 eat,
866 2301 905 2354 ut
925 2291 1087 2353 rationem
1107 2289 1281 2353 habeamus
1305 2295 1378 2379 ejus

314 2393 510 2466 sententiae,
531 2413 627 2476 quam
644 2393 825 2456 novissime
851 2393 1026 2456 litescunt,
1052 2393 1088 2480 in
1107 2391 1223 2478 Libro,
1254 2398 1309 2459 cui
1331 2400 1379 2460 ti.

312 2495 404 2557 tulus
427 2505 493 2566 θεῖε
514 2497 636 2560 Archiv
648 2497 714 2580 fiir
737 2499 941 2558 oivtltatischs
961 2499 1087 2560 Prasia.
1120 2489 1190 2559 Vol.
1214 2502 1280 2565 IX.
1296 2526 1377 2588 pag.

313 2588 523 2682 eto-³47.
553 2601 706 2682 protulit.
770 2599 832 2662 iiic
861 2599 948 2661 enim
977 2620 1019 2664 ex
1040 2601 1117 2686 jure
1139 2599 1377 2669 Pandectarum

311 2699 482 2785 concedit,
522 2701 754 2786 probationem
785 2699 923 2763 dominii
949 2702 995 2766 ita
1017 2705 1119 2770 fuisse
1148 2717 1379 2789 comparatam,

311 2805 454 2868 uticam
477 2817 571 2870 autea
599 2805 831 2888 exposuimus;
873 2807 949 2890 jure
975 2807 1107 2870 Codicis
1140 2803 1246 2872 autem
1278 2811 1380 2872 valde

311 2915 466 2972 mutatam
488 2930 559 2972 esse
583 2909 727 2971 affirmat.
772 2907 872 2981 Quod
893 2910 923 2971 si
943 2931 1061 2974 verum
1085 2921 1148 2988 est,
1177 2910 1235 2973 ad
1258 2913 1379 2996 vulga-

311 2997 384 3070 rem
416 3011 610 3073 seutentiam
643 3010 883 3076 defendendam
926 3012 1057 3075 Codicis
1092 3015 1285 3077 auctoritate
1329 3017 1381 3077 uti

310 3127 382 3169 non
402 3130 585 3192 possumus.
630 3112 762 3176 Summa
782 3135 914 3194 eorum,
956 3134 1039 3196 quae
1055 3114 1162 3199 dicit,
1204 3117 1285 3182 haec
1319 3131 1380 3183 est.

310 3207 364 3286 Ad
380 3199 613 3276 'Jusrraunun
641 3233 746 3296 usque
773 3213 861 3279 inter
884 3219 1066 3280 dominium
1097 3239 1140 3282 ex
1161 3221 1238 3306 jure
1261 3222 1380 3298 Quiri-

311 3309 395 3372 tium
417 3321 512 3398 atque
535 3314 588 3398 jus
622 3317 711 3402 ejus,
754 3320 811 3401 qui
837 3341 909 3384 rem
935 3324 971 3386 in
1002 3322 1099 3384 bonis
1126 3324 1265 3389 habebat
1293 3327 1378 3405 sive,

309 3413 360 3474 uti
379 3415 482 3497 vulgo
504 3416 633 3498 dicitur,
655 3418 836 3486 dominium
856 3425 1055 3488 bonitarium
1080 3426 1222 3490 discerni
1239 3428 1380 3492 solebat.

311 3512 413 3588 Quod
431 3518 563 3600 quidem
591 3521 767 3586 discrimen
791 3546 905 3589 rerum
932 3529 1072 3613 mancipi
1099 3538 1132 3591 ct
1151 3549 1213 3593 nec
1235 3533 1378 3613 mancipi
1470 3525 1471 3532 '

310 3614 502 3712 diversitate
520 3623 660 3706 perinde
678 3646 723 3686 ac·
736 3627 920 3692 differentia
939 3631 1028 3696 inter
1058 3635 1287 3716 acquisitiones
1309 3635 1378 3696 do·

309 3716 402 3778 minii
422 3739 465 3781 ex
485 3723 561 3806 jure
586 3727 680 3789 civili
708 3737 805 3794 etex
834 3731 910 3815 jure
931 3735 1074 3814 gentium
1103 3737 1278 3803 nitebatur.
1322 3737 1378 3800 Ad

226 3845 231 3858 ·
309 3818 469 3882 tuendum
509 3824 692 3891 dominium
729 3853 772 3895 ex
800 3833 876 3917 jure
899 3833 1077 3908 Quiritium
1103 3843 1154 3902 rei
1181 3838 1375 3918 vindicatio,

309 3915 352 3976 ad
368 3917 613 3990 defendendum
637 3951 730 4010 eum,
761 3936 818 4014 qui
839 3955 909 3996 rem
929 3937 965 3997 in
993 3939 1088 4002 bonis
1110 3942 1267 4017 habebat,
1303 3942 1377 4004 Pu-

308 4016 449 4082 eliciam
470 4025 505 4087 in
527 4049 597 4093 rem
623 4035 708 4097 actio
732 4048 803 4102 erat
823 4038 989 4102 destinata.
1054 4041 1124 4106 Jam
1154 4065 1238 4108 vero
1271 4065 1374 4128 quum

308 4113 524 4190 Joarrrursus
552 4135 726 4218 utriusque
755 4139 894 4205 dominii
924 4142 1099 4210 discrimen
1130 4151 1172 4210 12.
1196 4171 1248 4212 un.
1274 4153 1307 4212 0.
1332 4146 1375 4210 da

307 4220 390 4280 ”udo
410 4227 489 4302 J'uro
520 4231 696 4312 Quiritium
722 4245 873 4310 tollendo.
913 4245 985 4308 vlt.
1008 4255 1079 4331 25„
1123 4255 1308 4318 sustulisset
1337 4261 1373 4316 et
