2960 5064
271 359 370 436 ,62

319 567 399 652 poni
422 563 485 629 eibi
505 563 603 645 poste
623 557 817 642 arbitratur,
837 557 894 622 ubi
915 555 1162 620 de‘Publiciana
1181 557 1311 621 actione
1335 561 1383 623 ita

319 670 506 751 disseritur,
529 663 579 725 uti
601 660 827 750 disserendum
853 671 938 744 erat,
968 659 997 722 si
1017 677 1136 721 revera
1156 660 1263 722 adhue
1283 661 1384 724 vale-a

319 778 384 838 bat.
427 769 499 831 Jam
517 784 602 828 vero
630 764 727 829 sicuti
748 761 933 842 Pandectis,
968 763 1015 824 ita
1039 761 1134 823 etiam
1156 761 1384 826 Institutioni·

317 883 380 944 bus
395 880 460 958 'per
482 859 636 932 Codicem
657 864 828 938 contendit
843 865 1011 947 derogari,
1033 871 1129 944 atque
1144 884 1219 928 eum
1232 867 1266 930 in
1282 865 1384 928 finem

318 967 526 1042 Publicianae
553 968 690 1031 actionis
720 969 755 1030 in
785 967 1046 1033 Institutionibns
1077 967 1277 1032 mentionem
1309 987 1385 1032 esse

309 1085 435 1146 -dsctam
456 1075 519 1140 sibi
539 1071 730 1156 persuadet,
767 1081 806 1134 ut
835 1070 989 1152 cognosci
1014 1079 1146 1154 posset,
1182 1069 1271 1132 unde
1291 1087 1386 1141 nova

317 1185 370 1250 rei
389 1177 567 1246 vindicatio
597 1173 834 1238 aJusrrrrsrso
862 1173 1051 1235 introducta
1080 1181 1154 1236 orta
1175 1183 1271 1236 esset.
1314 1169 1387 1234 set

316 1299 356 1356 ut
377 1293 489 1370 aperta
512 1280 631 1356 dicam,
655 1277 747 1359 quod
770 1277 894 1350 sentio,
912 1275 973 1340 hac
993 1275 1139 1356 ratione,
1170 1296 1309 1355 vereor,
1331 1281 1386 1338 ‘ne

318 1391 403 1454 nihil
436 1379 574 1470 probari
605 1390 711 1462 queat.
745 1379 859 1442 ,Nam
885 1381 916 1441 si,
941 1399 1073 1442 revera.
1087 1375 1304 1442 Jrsrrsrsnvs
1331 1379 1386 1442 rei

316 1488 573 1556 vindicationem
600 1491 633 1546 et
653 1484 815 1546 actionem
836 1481 1056 1545 Publicianam
1080 1481 1271 1560 conflasset,
1308 1481 1387 1548 fieri

317 1615 387 1658 non
408 1590 533 1682 pqtnit,
576 1585 656 1668 quin
677 1585 764 1647 illud
790 1583 991 1668 paucissimis
1011 1594 1136 1649 tannm
1154 1583 1267 1646 verbis
1288 1603 1388 1646 com-

318 1698 578 1770 memoraretur..
630 1686 746 1769 Neque
767 1689 861 1750 locos
882 1687 992 1770 aptior
1021 1687 1097 1751 huic
1118 1683 1169 1748 rei
1190 1685 1261 1746 dari
1281 1696 1387 1768 pote-s

316 1810 386 1875 rat,
406 1814 501 1878 quam
521 1791 557 1854 in
576 1789 855 1870 mutuationibus,
877 1789 912 1850 in
935 1789 1050 1870 quibus
1074 1788 1158 1873 juris
1180 1787 1305 1868 antiqui
1326 1809 1388 1852 ra·

317 1903 443 1964 tionem
463 1895 587 1964 habere
608 1905 640 1956 et
664 1893 860 1956 mutationes
883 1914 902 1954 a
926 1910 962 1953 se
987 1891 1086 1954 sectas
1110 1891 1294 1972 Imperator
1314 1880 1389 1955 'ad-2

317 2002 399 2072 dere
419 1999 517 2062 solet.
561 1995 730 2081 Objecerit
753 1993 928 2076 quispiam,
972 1995 1186 2056 mutationem
1210 1991 1386 2076 utriusque

318 2101 455 2170 actionis
476 2100 552 2164 ideo
579 2119 651 2162 esse
674 2097 840 2173 omissam,
877 2097 1031 2180 quoniam
1050 2096 1125 2158 fieri
1144 2093 1203 2156 vix
1218 2097 1389 2176 potnerit,

316 2220 356 2274 ut
381 2225 521 2285 eorum„
542 2200 680 2284 quaein
704 2199 825 2262 Codice
845 2201 1014 2262 tractanda
1031 2202 1160 2277 forent,
1189 2205 1264 2264 ante
1287 2217 1387 2279 quam

317 2309 434 2376 Codex
456 2315 544 2369 esset
562 2305 805 2386 promulgatus,
831 2305 867 2366 in
890 2301 1151 2365 histitutionibns
1172 2298 1257 2361 ratio
1278 2301 1387 2370 lrabe-

316 2422 422 2477 retur.
439 2463 443 2470 .
459 2407 560 2490 Atqui
579 2411 620 2468 L.
641 2429 695 2472 un.
723 2408 758 2472 0.
779 2407 819 2470 ds
839 2406 923 2470 nudo
937 2411 1016 2486 jura
1039 2406 1216 2486 Quiritium
1236 2402 1386 2472 tollendo.

317 2513 470 2591 vitas,
496 2531 558 2592 qua
580 2511 632 2572 rei
653 2510 910 2572 vindicationem
925 2530 962 2572 ac
982 2507 1203 2570 Publicianam
1222 2506 1387 2572 actionem

317 2617 493 2680 conflatam
527 2630 616 2697 esse¹
642 2613 689 2674 ΟΖ.
709 2613 886 2674 Hnnscuuc
915 2609 1101 2687 contendit,
1142 2608 1308 2690 antiquior
1329 2617 1388 2686 est,

317 2740 418 2801 quam
444 2720 486 2780 L.
510 2736 562 2779 un.
588 2717 620 2778 Ο.
644 2715 684 2776 de
712 2719 906 2798 mancupione
930 2713 1202 2795 transformanda.
1243 2711 1311 2778 Vll.
1331 2719 1387 2776 3¹.

313 2821 405 2882 ¹llaec
427 2820 514 2882 enim
537 2819 727 2882 constitutid
752 2840 836 2880 anno
862 2823 936 2882 531.
957 2815 1163 2898 promulgata
1181 2814 1276 2876 initio
1300 2835 1388 2876 eon·

316 2925 401 2986 tinet
423 2920 621 2986 mentionem
646 2923 737 2985 illius
758 2921 866 3003 legis,
904 2941 968 3002 qua
989 2918 1113 2982 nudum
1140 2917 1193 3000 jus
1218 2916 1387 2992 Quritiusn
1433 2937 1438 2948 ·

280 3019 282 3028 ’
317 3028 508 3106 abrogatum
532 3008 605 3086 ests
632 3022 769 3108 Exque
800 3046 900 3107 quum
914 3032 1092 3105 appareat,
1115 3020 1387 3084 constitutionem

316 3127 469 3188 denudo
492 3125 566 3208 jure
590 3127 768 3200 Quiritium
787 3126 938 3189 tollendo
966 3124 1001 3186 in
1022 3123 1109 3192 illud
1130 3131 1273 3203 tempus,
1314 3142 1384 3204 quo

316 3223 540 3289 institutiones
563 3228 895 3309 compilari-coeptae
917 3235 1008 3297 sunt,
1028 3224 1198 3298 incidisse,
1219 3223 1309 3286 haud
1328 3233 1385 3286 te·

316 3347 407 3392 mere
429 3346 570 3406 vereor,
592 3347 634 3390 ne
654 3329 772 3400 nimiae
793 3327 1006 3410 negligentiae
1026 3326 1267 3390 'tesserarum
1292 3325 1386 3410 ejus·¹

298 3451 381 3514 ¹que
413 3431 523 3492 socios
557 3427 602 3496 CI.
622 3427 799 3494 *Hanscnun
827 3428 1038 3492 accusaverit.
1101 3428 1186 3492 Nam
1213 3429 1384 3512 quomodo

315 3533 452 3598 mutatio
477 3533 655 3617 ejusmodi,
677 3532 866 3618 gravissima
890 3553 926 3594 ac
945 3531 1080 3594 maximi
1098 3517 1272 3608 momenti,
1300 3551 1385 3614 qna·

315 3635 359 3698 lis
382 3635 419 3700 in
442 3637 493 3699 rei
511 3636 735 3720 vindicatione
759 3645 792 3700 et
812 3633 1150 3718 actionerPnblieiana
1173 3635 1209 3698 iu
1229 3655 1327 3700 unam
1348 3634 1384 3698 in
1442 3713 1447 3721 k

315 3757 388 3800 rem
410 3739 572 3800 actionem
593 3737 792 3802 immutanda
812 3740 972 3814 cernitur,
1013 3757 1058 3816 eo
1077 3737 1284 3822 potissimum
1304 3737 1382 3798 loco

293 3878 296 3893 ,,
315 3833 576 3916 Institutionum,
597 3841 654 3902 ubi
677 3841 718 3902 de
738 3851 875 3923 utraque
888 3841 1025 3902 ¹actione
1047 3839 1240 3922 exponitur,
1265 3838 1384 3900 aan·

315 3931 467 4004 uentano
480 3931 710 4021 'praetermitti'
723 3945 888 4025 potuerit,
919 3963 938 4002 a
958 3962 1010 4002 me
1034 3943 1165 4025 quidem
1187 3963 1258 4006 non
1277 3938 1382 4002 intel-

315 4041 375 4122 ligi
395 4041 535 4124 ingenue
555 4043 673 4107 fateor.
718 4044 818 4118 Quod
839 4063 878 4106 eo
899 4043 1123 4108 vehementius
1145 4046 1239 4108 soleo
1258 4043 1383 4122 mirari,

315 4161 380 4223 que
412 4145 539 4226 saepius
570 4147 641 4209 aliis
671 4145 914 4209 Institutionum
941 4145 1024 4208 locis
1056 4135 1172 4220 earum¹
1188 4147 1382 4209 Jnsrrsrssn

315 4247 594 4318 constitutionum⁴
614 4249 737 4322 mentio
769 4246 842 4314 fieri
871 4249 975 4330 solet,
1012 4251 1133 4334 quibus
1159 4251 1218 4316 vel
1246 4249 1382 4318 minim
