2928 5068
1066 358 1160 444 *113

86 557 364 640 -vinttsaeneqns
384 556 592 625 Publicianam
620 558 722 623 rimnt'
741 556 899 643 mediant,
938 557 1056 646 judicic
1079 583 1161 644 pru-

95 663 207 724 dentia
228 662 324 724 actori
344 683 526 727 succurrere
546 663 644 728 debet.
678 661 757 726 Nam
777 663 876 726 sicubi
898 671 985 728 actor
1001 666 1037 728 in
1055 667 1161 732 libello

95 765 235 848 dixerit,
271 786 338 829 rem
359 789 445 834 suam
467 789 549 852 esse,
584 789 618 832 se
640 768 688 830 rei
709 785 774 830 esse
789 767 971 853 dominum,
998 771 1096 853 judex
1118 790 1160 838 ex
1193 773 1200 794 '

94 870 181 955 juris
211 870 336 952 quidem
352 872 468 955 ,rigore
496 873 544 935 rei
572 872 811 935 vindicationem
846 873 883 934 ab
913 895 951 935 eo
985 874 1159 938 institutam
1249 918 1272 926 --
1312 869 1316 894 '

87 993 167 1036 esse
187 974 413 1057 arbitrabitur,-‘
435 977 497 1038 sed
524 978 568 1040 ita
593 977 733 1040 libellum
760 975 1031 1059 interpretabitur,
1072 980 1161 1061 quasi

95 1087 187 1140 actor
205 1098 277 1140 cum
298 1080 346 1141 rei
367 1080 577 1143 vindicatione
598 1080 805 1144 Publicianam
826 1081 1036 1165 conjunxerit.
1066 1081 1160 1146 tuot·

95 1183 143 1246 cis
164 1203 237 1265 ergo
258 1184 329 1264 erit,
351 1185 515 1266 utriusque
533 1186 661 1248 actionis
681 1185 931 1278 conjunctionem
944 1187 1052 1250 libello
1071 1206 1163 1270 prse-

97 1306 240 1366 sumere,
279 1288 353 1350 licet
374 1309 411 1350 eo
440 1311 585 1374 expressa
612 1289 747 1352 nonsit.
788 1289 879 1366 Quod
900 1313 937 1356 eo
958 1291 1068 1354 melius
1089 1291 1162 1354 fieri

95 1396 218 1473 puteat,
258 1413 324 1474 quo
344 1392 459 1454 certius
481 1402 543 1478 est,
585 1395 700 1479 majori
720 1394 825 1458 minus
851 1414 974 1478 semper
993 1393 1161 1461 contineri.

95 1493 137 1557 Et
152 1495 221 1576 quir
236 1505 291 1574 est,
312 1497 391 1580 quin
405 1497 454 1560 rei
466 1496 684 1577 vindicatione,
696 1497 807 1584 majori
823 1507 856 1563 et
868 1499 1002 1584 pleniori
1016 1497 1158 1578 munna,

97 1597 308 1662 Publicianam
330 1601 484 1664 contineri
506 1602 699 1666 arbitretur?
741 1603 851 1687 Neque
872 1603 1023 1689 ejusmodi
1052 1621 1163 1664 cumn·

96 1703 173 1766 latio
196 1726 215 1767 a
240 1704 346 1790 judice
374 1708 600 1788 praesumenda
635 1716 816 1790 potestatem
851 1707 964 1792 judicis
994 1707 1162 1790 egreditur.

81 1806 178 1880 :Nam
199 1809 282 1888 siin
303 1815 343 1878 L.
365 1811 417 1876 43.
440 1812 465 1896 l.
488 1820 519 1878 6.
540 1815 586 1875 D.
609 1813 648 1876 de
669 1814 814 1876 aedilitio
838 1815 949 1877 edicto.
972 1811 1056 1881 XXI.
1074 1820 1106 1878 1.
1128 1819 1162 1876 et

97 1915 141 1978 12.
162 1918 217 1979 2⁵.
239 1913 264 1997 b.
290 1923 318 1980 1.
340 1919 385 1979 1).
405 1917 448 1979 ,de
471 1920 649 1999 exceptione
670 1920 720 1980 rei
729 1918 913 1999 judicatae.
934 1915 1043 1982 XLIV.
1067 1925 1098 1982 2.
1120 1915 1161 1980 ad

95 2017 209 2102 indicis
226 2017 360 2082 officium
381 2019 497 2118 dicitur
516 2019 690 2103 pertinere,
732 2028 787 2104 ut,
830 2021 889 2084 etsi
918 2031 1019 2084 emtor
1039 2018 1161 2084 actione

98 2119 208 2204 quanti
229 2123 357 2198 minoris
377 2143 452 2184 usus
467 2123 582 2206 suerit,
619 2133 721 2187 tamen
733 2125 941 2190 'venditorem
962 2126 1001 2190 ad
1021 2146 1090 2188 rem
1110 2145 1164 2188 re·

96 2226 271 2309 cipiendam
299 2235 331 2289 et
357 2229 494 2309 pretium
522 2227 714 2292 reddendum
741 2229 944 2316 condemnet,
984 2230 1012 2292 si
1038 2230 1162 2308 vitium,

99 2353 163 2415 quo
183 2353 234 2394 res
255 2331 391 2411 laborat,
418 2334 481 2396 tale
501 2331 556 2409 sit,
584 2353 648 2415 quo
669 2333 793 2416 cognito
814 2343 914 2398 emtor
932 2355 1000 2398 rem
1021 2342 1162 2399 emturus

99 2437 172 2499 non'
184 2435 298 2501 fueriti
324 2435 374 2498 bis
396 2459 468 2522 ergo
489 2435 608 2520 legibus
630 2447 764 2520 potestas
784 2439 876 2501 datur
895 2439 995 2523 judici
1015 2457 1106 2502 reum
1126 2437 1163 2499 in

99 2542 169 2624 plus
189 2540 431 2625 condemnandi,
452 2564 544 2625 quam
567 2543 651 2626 quod
668 2551 757 2633 “actor
778 2542 890 2628 petiit,
910 2532 1095 2627 et'petitum
1116 2540 1162 2605 li·:

99 2647 175 2709 belli
195 2645 351 2710 mutandi:
390 2647 533 2730 equidem
562 2647 702 2728 profecto
730 2645 811 2710 nihil
837 2668 942 2712 causae
972 2669 1040 2711 esse
1060 2645 1165 2720 video,

98 2773 157 2814 cur
179 2751 218 2814 ad
237 2751 377 2814 officium
398 2752 510 2836 judicis
530 2753 688 2834 pertinere
709 2762 857 2836 negetur,
899 2760 936 2814 ut
956 2751 1004 2813 rei
1024 2747 1165 2816 vindica·

98 2857 183 2918 tione
204 2856 347 2918 instituta
368 2877 425 2918 nec
445 2877 524 2918 vero
554 2854 692 2917 dominio
719 2863 881 2916 auctorum
908 2854 1038 2938 probato
1070 2872 1162 2915 reum
1218 2855 1222 2868 ⁴

98 2938 300 3038 condemnet,
337 2958 364 3022 si
385 2959 654 3039 animadverterit,
685 2957 808 3022 meliori
827 2959 899 3046 jure
919 2959 1086 3044 petitorem
1106 2954 1166 3030 nti,

99 3085 192 3149 quam
212 3062 440 3128 adversarium·
1026 3059 1029 3062 ⁴
1130 3053 1133 3060 ¹

573 3253 606 3348 n.
635 3253 691 3327 15.

158 3425 161 3432 ¹
186 3394 252 3473 Sic,
278 3405 315 3460 ut
331 3396 461 3480 opinor,
487 3398 559 3461 satis
578 3399 743 3482 probatum
765 3404 830 3479 est,
858 3391 1055 3456 acerbitatem
1074 3387 1163 3472 iudi·

102 3520 182 3582 cum,
202 3501 257 3584 qui
278 3503 326 3564 rei
346 3503 556 3566 vindicatione
577 3505 660 3562 mota
680 3519 739 3564 nec
758 3497 897 3560 dominio
916 3496 1011 3577 plene
1031 3493 1164 3576 probato

99 3625 304 3688 possessorem
325 3607 506 3687 absolvunt,
543 3626 608 3668 non
629 3607 731 3668 solum
751 3599 1024 3678 contemnendam,
1050 3614 1164 3666 verum

99 3711 193 3772 etiam
214 3711 314 3772 officio
334 3711 447 3796 judicis
469 3711 654 3772 contrariam
676 3730 751 3784 esse.
794 3706 891 3789 Igitur
911 3703 1011 3788 judex
1031 3721 1097 3768 uun
1117 3720 1167 3761 so-

96 3816 166 3896 lum
187 3824 304 3895 potest,
333 3817 388 3878 sed
408 3815 484 3878 adeo
506 3816 596 3880 debet
616 3814 757 3876 libellam
777 3810 889 3875 actoris
908 3809 954 3874 ita
973 3811 1102 3890 seorpe'r¹
1117 3805 1167 3882 iu-

96 3919 281 4000 terpretari,
303 3920 390 4001 qiuari
409 3921 445 3982 in
466 3941 504 3984 ec
525 3919 573 3982 rei
594 3917 764 3989 vindicatio
786 3937 821 3979 ac
842 3913 1020 3979 Publiciana
1038 3911 1075 3974 iu
1097 3927 1167 3983 rem

8 4023 9 4030 '
99 4024 182 4088 actio
197 4024 267 4104 sint
288 4025 480 4107 conjunctae.
523 4016 613 4088 Unde
641 4022 777 4100 dominio
799 4021 836 4084 ab
857 4027 960 4082 actore
981 4037 1048 4078 non
1068 4014 1165 4096 plene

97 4129 242 4213 probato,
264 4129 291 4190 si
311 4139 415 4192 tamen
436 4129 677 4211 exprobatione
698 4128 736 4192 ab
755 4146 796 4190 eo
815 4130 955 4206 suscepta
975 4127 1070 4202 patet,
1084 4133 1167 4184 ,eum

98 4235 187 4320 justo
216 4233 307 4298 titulo
337 4249 410 4298 retu·
430 4233 657 4324 'acquisivisse'
691 4251 765 4305 ,non
794 4226 942 4312 abenner
960 4239 1071 4300 reuma
1109 4213 1168 4284 ⁶⁹⁸

933 4324 1059 4444 8:
