2960 5064
305 383 357 460 46

244 646 247 652 .
303 586 430 676 injungi
450 577 626 658 creditori,
648 575 709 662 qui
729 592 772 638 ex
796 571 922 656 legibus
943 579 1014 638 tam
1035 565 1147 654 etiarn,
1168 583 1269 650 quum
1290 581 1373 626 rem
1456 569 1457 616 1

304 693 442 756 alienam
463 682 595 752 debitor
611 679 743 765 pignori
762 675 907 756 dederit,
927 679 964 742 in
982 671 1193 760 possessione
1213 667 1284 751 ejus
1302 665 1371 730 de-

302 793 468 869 fenditur,
512 785 618 848 donee
649 783 690 844 ab
721 780 787 843 alio
815 781 931 844 melius
958 781 1012 865 jus
1040 773 1141 838 tuerit
1163 770 1371 856 probatum?

302 897 351 957 Ao
376 900 554 976 propterea
580 885 780 949 creditorem
807 888 923 967 pignus
951 877 1174 965 possidentem
1202 875 1242 936 ab
1274 877 1371 938 omni

304 995 504 1080 probatione
530 987 737 1053 operandum
772 1005 909 1065 censeo,
950 981 1120 1068 quamdiu,
1163 977 1220 1063 qui
1245 979 1370 1064 pignus

304 1097 471 1182 vindicat,
513 1113 548 1158 se
572 1091 741 1154 dominum
768 1087 838 1174 ejus
870 1107 940 1152 esse
963 1105 1033 1151 non
1050 1079 1251 1147 ‘ostenderit
1296 1080 1370 1145 Jam

303 1221 388 1265 vero
410 1200 439 1262 si
461 1221 480 1262 a
502 1197 645 1282 petitore
668 1193 849 1256 dominium
871 1193 1046 1274 probatum
1068 1197 1134 1266 est,
1162 1195 1233 1247 tum
1253 1184 1373 1248 eredi-

304 1303 374 1364 tori
409 1301 556 1385 pignoris
593 1295 814 1362 conservandi
846 1313 944 1357 eausa
971 1293 1146 1358 nenessitas
1184 1289 1371 1372 imponitur
1457 1321 1458 1352 }

304 1403 483 1485 probandi,
520 1423 592 1467 rem
615 1423 659 1464 eo
679 1411 845 1481 tempora,
873 1417 939 1482 qao
965 1395 1182 1480 oppignorata
1208 1393 1268 1471 sit,
1304 1390 1371 1452 de-

302 1506 422 1568 bitoris
451 1507 554 1570 inisse
587 1504 775 1590 propriam,
825 1511 882 1565 sut
915 1508 1005 1564 certe
1035 1498 1160 1562 domini
1193 1495 1369 1561 voluntate

304 1607 439 1692 pignori
459 1610 576 1673 datsm.

394 1733 427 1792 3.
469 1733 510 1793 L.
533 1735 587 1794 31.
624 1725 649 1811 §·
671 1733 703 1794 2.
740 1725 786 1806 D.
815 1726 854 1790 ria
883 1723 1062 1787 actionibus
1084 1727 1162 1787 emti
1186 1733 1217 1785 et
1237 1722 1371 1785 venditi.

436 1831 523 1897 X1X.
547 1843 576 1898 1.
596 1831 767 1896 Nnnarrns
788 1829 888 1894 Libro
912 1838 943 1894 3.
972 1827 1240 1890 Membranarum.

348 1955 492 2037 ¹Uterque
513 1969 655 2018 nostrum
674 1953 807 2016 eandem
827 1973 893 2013 ram
914 1954 988 2012 amit
1009 1971 1032 2010 a
1053 1971 1115 2016 non
1136 1928 1273 2030 destino,
1294 1970 1371 2009 oum

348 2061 442 2120 emtto
464 2060 664 2142 venditioqna
684 2061 753 2119 sine
774 2057 846 2118 dolo
870 2057 954 2117 naulo
973 2061 1084 2144 fieret,
1105 2053 1290 2136 traditaque
1311 2066 1370 2136 est,

348 2163 480 2224 sivsab
502 2164 775 2243 analemmatos,
810 2165 877 2224 stae
897 2161 939 2222 ab
962 2163 1027 2222 alio
1050 2172 1145 2242 atque
1166 2158 1231 2218 alio
1240 2203 1252 2233 ,
1281 2161 1310 2219 is
1331 2181 1370 2220 ex
1458 2177 1459 2180 ’

349 2267 437 2329 noba
459 2267 595 2329 tuendus
617 2279 679 2342 est,
701 2269 758 2350 qni
774 2268 866 2348 prior
877 2269 939 2346 jas
961 2269 1029 2346 ejm
1051 2261 1278 2348 apprehendit,
1309 2263 1370 2324 hoe

350 2382 416 2452 est,
460 2375 514 2434 otti
530 2375 670 2454 primum
690 2370 815 2433 tradita
836 2381 902 2446 θεὴ·
945 2372 975 2430 si
996 2369 1077 2430 alta
1098 2385 1137 2428 ee
1157 2365 1247 2427 nobis
1267 2387 1290 2428 a
1311 2367 1371 2430 clo-

351 2477 434 2535 mino
457 2479 597 2559 emisset,
612 2465 649 2536 ¹is
667 2475 839 2566 omnimodo
859 2474 995 2536 tuendus
1016 2483 1071 2534 est.

391 2595 423 2660 4.
467 2597 510 2658 J..
545 2602 595 2660 11.
626 2594 653 2678 ᾗ.
680 2603 714 2662 2.
743 2599 789 2660 D.
820 2595 886 2658 sod.
916 2593 1101 2696 'ussurus
1121 2591 1221 2658 Libro
1244 2598 1298 2658 32.
1326 2593 1369 2658 sd

434 2697 609 2763 Edictum.

350 2821 396 2882 Et
417 2824 585 2906 inprimis
605 2843 672 2884 rem
692 2828 797 2908 ipsam
820 2834 988 2908 praestare
1015 2818 1209 2882 venditorem
1240 2833 1370 2902 oportet,
1459 2863 1460 2868 κ

349 2925 389 2986 td
407 2937 455 2988 est
475 2927 611 2988 tradere.
644 2929 737 3009 ane
757 2951 825 3003 res,
845 2931 876 2990 si
897 2925 1025 3012 quidem
1045 2925 1188 2986 dominns
1205 2920 1278 3004 fuit
1296 2947 1371 2987 ven·
1459 2901 1460 2916 ἵ

349 3029 453 3104 ditor,
465 3030 558 3112 sarit
579 3044 610 3094 et
631 3045 777 3095 amtorem
797 3033 976 3094 dominnm:
1002 3034 1032 3093 si
1051 3029 1217 3111 nonfuit,
1245 3040 1370 3092 tantum

347 3135 517 3194 evictionis
538 3139 661 3196 nornine
681 3138 875 3200 venditorem
898 3135 1019 3218 obligat
1025 3157 1038 3212 ,-
1073 3136 1103 3196 si
1123 3131 1214 3195 modo
1232 3137 1370 3216 pretium

346 3247 395 3296 sst
416 3249 619 3298 nunuratum
648 3247 707 3300 o'ttt
737 3261 772 3300 eo
798 3243 920 3301 nomina
948 3241 1029 3300 satis
1049 3237 1191 3319 sactum.
1259 3237 1368 3300 Emtor

351 3351 462 3402 autem
481 3361 622 3404 nummos
644 3346 816 3407 venditoris
828 3343 946 3425 faeere
966 3346 1101 3427 cogitur.

394 3466 427 3530 5.
469 3467 510 3527 L.
533 3471 563 3528 6.
591 3467 625 3528 0.
648 3470 681 3528 si
700 3470 772 3552 quis
793 3467 891 3528 alteri
919 3466 972 3528 vel
991 3465 1055 3526 sibi
1082 3463 1217 3527 alterius
1237 3467 1367 3531 nonnos.

372 3581 382 3589 “
430 3567 487 3633 lv.
511 3577 563 3634 ⁵0.
583 3568 635 3632 Ex
655 3571 720 3634 hoo
734 3571 959 3632 Droonrrunr
980 3579 1014 3630 et
1027 3561 1224 3630 Msxrnun'r
1245 3577 1369 3637 rescri-

432 3679 493 3752 pto
525 3675 567 3736 ad
599 3683 746 3744 nostram
779 3695 852 3738 rem
891 3681 1016 3735 tantem
1049 3674 1218 3756 pertinent
1254 3677 1368 3742 ultima

439 3775 560 3839 verbe:

350 3938 468 3961 .......
502 3897 611 3976 Quare
641 3901 675 3960 in
703 3896 839 3959 dominii
867 3900 1046 3979 quaestions
1071 3897 1126 3959 ills
1141 3904 1249 3983 potior
1269 3899 1365 3964 kaba-

348 4013 420 4085 tnr,
443 4001 497 4061 oui
512 4006 664 4082 possessio
687 4024 710 4063 a
731 4002 855 4075 domino
877 4002 1000 4064 tradita
1021 4012 1076 4064 est.

305 4135 389 4198 Tres
410 4137 506 4199 locos
528 4140 751 4220 posteriores,
778 4160 861 4221 quos
883 4160 970 4202 nuno
991 4139 1214 4216 laudavimus,
1245 4145 1274 4206 si
1293 4165 1363 4206 cnm

305 4241 345 4301 Ι..
361 4247 416 4310 20.
435 4243 482 4304 D.
500 4242 539 4305 de
554 4243 744 4326 acquirendo
760 4245 1024 4309 rernm-dominio.
1037 4239 1117 4306 XLI.
1134 4251 1164 4310 t.
1178 4247 1360 4334 conjunxe-
