2960 5064
281 363 333 438 22

283 563 376 644 bato,
397 561 472 644 cogi
495 568 667 638 amtorem,
695 568 733 624 ut
757 555 925 624 venditori
945 576 1014 620 rem
1037 554 1202 634 restituat,
1231 580 1341 644 aquo

283 684 408 728 caueam
437 663 599 748 acceperit
615 661 825 746 poeaidoudi,
870 659 940 744 quie
973 670 1038 740 cat,
1077 659 1155 742 quia
1186 663 1346 743 aequitati

281 787 352 830 nou
377 765 503 845 colum,
544 785 662 831 verum
682 765 778 828 ctiam
798 764 924 846 legibue
947 762 1026 849 ipaia
1046 781 1228 844 repugnare
1250 765 1346 826 arbi-

281 866 413 930 tretur'i
453 866 541 933 Illud
560 867 646 930 euim
665 866 719 950 jue
740 865 948 949 poeaidendi,
990 866 1080 949 quod
1103 865 1259 928 venditor
1278 866 1346 930 ha-

282 969 370 1047 buit,
414 979 447 1035 et
468 971 614 1034 dominio
646 969 788 1036 auctoria
818 987 887 1031 non
913 970 1054 1052 probato
1084 964 1253 1030 habiturus
1281 979 1345 1049 cat,

282 1069 371 1134 idem
393 1075 511 1138 emtori
535 1073 667 1136 omnino
689 1070 899 1138 tribuendum
923 1079 980 1134 eat
1040 1069 1090 1131 En
1118 1087 1195 1150 crgo
1227 1089 1347 1132 exem·-

282 1171 375 1256 plum
399 1176 451 1238 rei
468 1176 716 1254 vindicationis,
737 1174 772 1238 iu
793 1195 858 1259 quo
884 1194 954 1238 non
974 1173 1122 1257 negabit,
1144 1171 1236 1233 illam
1256 1193 1348 1255 pro-

282 1273 447 1340 bationem
467 1298 607 1364 proraue
637 1297 708 1342 esea
739 1277 954 1340 necessariam
984 1284 1081 1358 atqua
1103 1275 1148 1336 ita
1169 1295 1348 1358 compara-

283 1382 366 1455 tam,
403 1389 442 1444 ut
468 1381 593 1465 petitor
624 1379 839 1444 omnimodo
870 1375 1024 1460 euperior
1059 1376 1260 1439 discessurus
1290 1379 1346 1458 ait,

281 1477 347 1540 nisi
366 1501 543 1564 poeacaaor
564 1481 758 1565 exceptione
779 1481 830 1546 rei
853 1479 1006 1544 venditae
1028 1489 1061 1543 et
1082 1478 1220 1541 traditae
1241 1500 1346 1544 aver-

282 1587 354 1646 tere
382 1586 490 1666 poaait
516 1585 829 1650 condemnationem.
894 1581 1011 1665 Neque
1044 1581 1141 1642 aliter
1170 1601 1241 1643 rem
1269 1603 1345 1646 aeae

281 1683 404 1750 hebere
427 1685 613 1751 confitearis
637 1707 780 1751 neceeea.
798 1695 864 1767 eet,
899 1685 1032 1748 etiamsi
1059 1703 1102 1746 ex
1128 1681 1347 1747 Thibautiana

282 1789 443 1851 tentantia
462 1789 692 1874 probationem
719 1789 913 1874 pertractari
940 1789 1111 1863 voluerim
1151 1787 1236 1867 imo,
1271 1790 1346 1850 aiva

283 1905 321 1946 aa
341 1891 520 1956 secuudum
540 1889 639 1970 hauc,
668 1892 739 1955 aive
761 1891 939 1954 secundum
960 1891 1130 1972 vulgarem
1152 1892 1345 1954 sententiam

279 1988 484 2076 perficiatur,
526 1994 569 2058 ad
591 2005 773 2058 extremum
792 2013 835 2056 ne
864 1994 1030 2056 minimum
1051 1992 1182 2078 quidem
1211 1989 1346 2056 differre

280 2089 439 2159 iuvenies.
481 2091 561 2179 Fac,
602 2099 811 2164 venditorem
834 2117 905 2162 rem
927 2095 1093 2158 venditam
1119 2104 1216 2176 atque
1237 2095 1345 2156 tradi-

280 2201 345 2256 tam
370 2215 413 2257 ax
433 2200 531 2264 titulo
558 2202 695 2263 dominii
720 2201 824 2264 aeriae
850 2197 997 2281 acquisiti
1018 2196 1196 2259 vindicare.
1239 2197 1346 2279 Atque

219 2331 224 2342 ·
281 2294 337 2356 hic
356 2299 488 2380 quidem
507 2305 545 2382 ai,
567 2303 702 2366 modum
728 2302 917 2385 acquirendi
933 2299 1107 2382 probavit,
1129 2319 1172 2360 ex
1195 2299 1345 2363 Thibau-

281 2398 370 2464 tiana
398 2407 559 2468 sententia
582 2426 646 2488 pro
677 2405 812 2467 domino
841 2401 1008 2468 habendae
1037 2412 1096 2466 eat.
1160 2400 1230 2465 Jam
1259 2423 1343 2465 vero

280 2519 376 2579 reus,
394 2505 450 2584 qui
471 2507 548 2571 emit
568 2527 638 2570 rom
660 2529 680 2570 a
700 2509 862 2590 petitore,
886 2506 979 2568 etiam
1001 2505 1136 2568 modum
1156 2505 1347 2587 acquirendi
1462 2560 1463 2576 ,

221 2607 232 2619 ”
282 2603 508 2670 demonstrare
536 2619 666 2694 potest,
718 2610 860 2691 ideoque
892 2607 1043 2670 similiter
1070 2609 1345 2691 praesumendum

283 2705 354 2790 ejua
385 2703 567 2775 dominium
596 2721 655 2777 eat.
685 2773 688 2779 ,
717 2710 756 2775 ln
782 2731 858 2774 caen
881 2709 1056 2796 propoaito
1087 2711 1176 2772 illud
1192 2694 1344 2772 *maxime
1462 2733 1463 2790 ς

279 2811 549 2895 corundunam,
584 2814 810 2894 venditorem,
847 2814 998 2898 quirem
1027 2814 1123 2896 petiit
1143 2813 1183 2874 ab
1208 2822 1344 2892 emtore,

281 2901 360 3008 ejua¹
376 2935 447 2979 ease
469 2927 648 2984 auctorem.
712 2917 807 2981 Unde
842 2919 982 3000 probata
1014 2915 1178 2996 utrimque
1203 2915 1345 2997 acquisi-

280 3016 374 3077 tione
406 3017 490 3079 duae
517 3022 776 3101 praesumtiones
806 3021 846 3081 ab
873 3029 1011 3101 utraque
1041 3027 1136 3100 parte
1156 3017 1218 3078 eibi
1247 3037 1343 3078 era-

279 3116 377 3198 gione
394 3119 571 3208 ¹oppoaitae
597 3131 689 3184 cunta
712 3125 836 3200 altera,
858 3137 901 3181 ex
928 3141 990 3202 qua
1013 3129 1128 3180 auctor
1148 3118 1344 3197 venditoris,

281 3218 338 3298 qui
357 3220 398 3280 ab
422 3239 462 3280 eo
485 3207 664 3284 dominium
685 3223 872 3305 acquisivit,
915 3241 978 3303 pro
1011 3220 1144 3282 domino
1173 3219 1343 3282 haitandua

280 3329 350 3398 est5
380 3321 500 3400 altera,
530 3341 573 3394 ex
596 3343 661 3405 qua
684 3325 727 3386 dc
748 3325 893 3388 dominio
918 3323 1122 3401 venditoris,
1150 3322 1207 3404 qui
1229 3333 1346 3384 auctor

281 3418 352 3504 cjua
376 3434 442 3504 cat,
478 3444 584 3508 aquo
606 3447 676 3490 rem
696 3436 813 3509 postca
837 3425 1032 3505 vindicavit,
1069 3425 1157 3486 idem
1178 3425 1343 3486 statuitur.

280 3522 381 3596 Quod
404 3549 477 3591 cum
497 3529 544 3592 ita
565 3529 625 3609 ait,
665 3551 707 3606 na
730 3553 773 3595 ex
796 3527 1011 3594 Thibautiana
1030 3526 1161 3610 quidem
1183 3527 1346 3590 sententia

280 3624 378 3686 aliter
396 3628 472 3710 jura
496 3632 608 3695 atricto
634 3634 792 3698 venditor
814 3635 941 3696 afficere
959 3631 1084 3715 poterit
1108 3627 1242 3690 emtoria
1263 3645 1346 3689 con-

280 3723 535 3811 demnationem,
576 3753 672 3818 quam
700 3737 729 3797 ai
762 3735 962 3812 ostenderit,
1004 3755 1060 3813 aa,
1098 3751 1173 3815 quo·
1193 3738 1372 3812 tempore·

280 3827 469 3895 vendiderit
488 3854 573 3916 rem,
611 3857 651 3902 eo
681 3859 752 3900 non
777 3838 893 3900 initae·
910 3836 1094 3915 dominump
1138 3831 1209 3915 ejus
1230 3834 1344 3914 potius

187 3979 189 3982 -
280 3945 352 4002 rom
372 3931 493 4015 fuine,
512 3958 531 4001 a
550 3961 615 4022 quo
638 3960 708 4002 eam
725 3948 842 4022 postea
860 3939 1077 4023 acquisiverit
1119 3936 1208 4010 Quid
1232 3933 1343 3997 vero?

282 4045 361 4092 num
382 4050 421 4094 ea
437 4041 591 4119 probatio
618 4046 657 4105 ab
678 4042 738 4105 illa
757 4041 926 4104 minimum
947 4041 1068 4118 differt,
1090 4058 1173 4122 quaa
1195 4057 1236 4100 ex
1260 4036 1341 4099 val-

282 4131 352 4208 gari
374 4141 533 4204 sententia
551 4145 659 4207 atatim
680 4146 719 4206 ab
740 4142 836 4206 initio
858 4144 1038 4226 imponitur
1058 4143 1216 4225 petitori?
1238 4139 1340 4218 Nihil,

282 4229 346 4292 nisi
369 4235 472 4319 illud,
508 4245 597 4328 quod
619 4257 661 4307 ax
682 4229 896 4310 Thibautiana
918 4247 1077 4310 cantantia
1101 4245 1184 4308 tinae
1210 4243 1339 4325 apeti-
