2960 5064
1118 389 1168 467 25

160 594 332 680 Muncipiu
349 609 408 661 ino
429 600 463 658 si·
478 595 519 656 ob
539 595 583 664 sis
603 590 758 659 distractu
771 608 852 678 sunt,
874 598 932 679 qui
942 597 1001 676 jus
1016 594 1171 659 vendendi
1283 605 1288 616 '

162 721 227 762 non
244 699 438 784 babuerunt,
466 700 626 762 vindicare
647 721 686 762 oa
703 712 799 781 potes.
845 697 914 762 Nec
936 704 1018 761 enim
1037 703 1171 782 muoapi

166 802 208 864 ab
230 804 395 866 emtoribus
412 813 596 886 potuerunt,
635 824 733 885 quum
761 801 877 865 illicita
896 803 1074 866 venditione
1091 801 1171 886 fur·⁴

166 917 232 966 tum
253 901 449 974 contractum
468 910 520 968 sit:
810 897 812 902 ’

186 1085 238 1144 .2.
282 1083 323 1144 L.
347 1087 376 1146 t·
403 1079 435 1142 0.
456 1079 522 1144 eod.

167 1249 275 1312 Sciens
302 1274 426 1314 anonae
445 1253 586 1315 alienum
615 1261 727 1314 contra
754 1245 875 1315 domini
899 1253 1093 1324 uoluntatem
1121 1275 1174 1316 oe·

169 1353 322 1415 numduns
333 1357 466 1438 furtum
494 1357 667 1440 committit.
713 1355 806 1436 Quod
834 1359 881 1418 rei
906 1359 1035 1433 vitium,
1068 1361 1175 1439 prius·

168 1477 263 1538 quana
283 1459 329 1518 ad
344 1457 505 1519 dominum
527 1463 594 1536 ojus
615 1469 791 1519 reuertatur
805 1463 976 1540 possessio,
1019 1483 1081 1522 non
1102 1483 1176 1542 por·-

165 1564 265 1620 mittit
286 1559 400 1645 (vulgo
416 1559 626 1645 pernoittitur)
648 1559 975 1646 usucapionemfieri,
1002 1564 1077 1624 iicet
1095 1565 1176 1628 beno
1200 1541 1204 1548 ⁴

156 1662 231 1748 fide
252 1667 462 1747 possideatur.

209 1843 240 1902 3.
283 1839 324 1903 L'.
353 1845 383 1902 9.
415 1839 439 1922 l.
454 1843 496 1906 ·5.
533 1839 577 1904 D.
597 1840 642 1902 'de
669 1837 859 1900 Publiciana
887 1793 928 1902 in·
949 1861 1015 1905 rem
1042 1846 1176 1922 actione.

251 1939 313 2002 vt*
330 1949 360 2006 2.
380 1941 548 2006 Uestorius
570 1943 669 2007 Libro
696 1947 746 2006 16.
771 1939 811 2004 ad
832 1939 990 2008 Edictum.

168 2115 262 2182 Haeo
282 2118 367 2179 actio
390 2115 595 2201 (Publiciana
614 2116 649 2178 in
670 2113 760 2198 rem)
783 2119 818 2176 iu
837 2115 903 2196 bis,
945 2138 1025 2199 quae
1045 2117 1179 2201 mucopi

167 2239 232 2281 uon
247 2230 398 2301 possunt,
433 2231 516 2302 puto
528 2219 670 2304 furtivis
690 2222 744 2284 oei
761 2240 848 2286 servo
867 2218 1033 2306 fugitivo,
1076 2223 1181 2286 iocum

165 2337 231 2383 non
253 2323 357 2386 dubet.

124 2495 219 2558 Unde
240 2497 451 2583 intelligitur,
473 2504 578 2566 bonae
596 2497 675 2564 fidei
698 2511 854 2566 castorem
861 2543 871 2579 ,
892 2497 972 2564 licet
994 2498 1183 2570 Publiciana

124 2609 250 2662 tantum
276 2587 404 2665 actione
430 2623 508 2668 usus
540 2605 599 2689 sit,
641 2615 748 2670 tumen
764 2604 837 2668 ‚lite
873 2622 944 2666 esse
978 2601 1185 2686 inferiorem,

126 2703 228 2762 modo
256 2705 465 2768 venditorem
491 2710 578 2772 melu
600 2709 666 2770 fide
681 2709 758 2787 {rem
786 2705 960 2770 tradidisse
988 2707 1029 2766 ab
1060 2705 1185 2773 savera

130 2805 216 2864 sario
237 2804 338 2865 luerit
360 2810 542 2888 probatum.
586 2811 696 2892 Itaque
714 2815 803 2874 bona
830 2809 912 2871 fides
935 2806 1038 2867 solius
1057 2806 1185 2885 petito-

66 2961 74 2970 .
129 2907 175 2970 ris
206 2927 275 2968 non
300 2909 494 2991 respicitur5
536 2911 602 2970 imo
633 2912 718 2971 mule
752 2912 834 2972 fides
874 2907 1016 2970 auctoris
1047 2907 1186 2988 probate

129 3031 200 3072 earn
221 3009 320 3071 bebct
338 3009 425 3092 vim,
468 3020 505 3072 ut
528 3033 701 3094 possessor
729 3011 950 3074 absolvendus
973 3009 1024 3070 sit.
1089 3007 1186 3089 Atqui

126 3132 238 3175 rerum
264 3123 388 3176 tantum
410 3116 583 3176 mobilium
600 3112 715 3206 illicita
736 3113 884 3176 venditio
912 3133 975 3195 pro
997 3112 1086 3173 furto
1108 3120 1188 3195 pot-

130 3227 180 3280 est
197 3217 327 3300 haberi,
356 3218 432 3299 quia
453 3239 565 3280 rerum
588 3219 805 3281 immobilium
823 3225 941 3279 natura
963 3217 1088 3278 lurtum
1113 3236 1186 3276 om·

127 3319 206 3383 nino
228 3341 298 3384 uon
319 3320 467 3385 admittit.
512 3321 622 3397 Quare
650 3321 810 3404 objecerit
828 3318 1003 3401 quispiam,
1029 3335 1092 3394 ,res
1112 3337 1189 3376 nto-v
1227 3367 1231 3372 .

130 3423 214 3484 biles
243 3423 330 3484 solas
357 3425 528 3505 ignorante
558 3423 691 3486 domino
718 3423 868 3486 venditas
903 3430 1043 3504 propter
1070 3417 1188 3479 vitium

133 3522 216 3584 furti
237 3523 424 3584 Publiciana
443 3546 463 3586 a
490 3527 597 3586 bonae
625 3523 705 3582 fidei
728 3533 854 3583 emtore
881 3519 951 3603 peti
976 3529 1044 3580 non
1069 3536 1189 3602 posse;

133 3645 196 3695 nec
219 3644 303 3687 vero
326 3627 363 3687 in
383 3629 482 3688 rebus
505 3624 725 3687 immobilibus
747 3623 794 3683 ita
814 3621 956 3686 venditis
976 3621 1137 3682 actionem
1160 3617 1191 3677 ei

135 3749 206 3794 esse
223 3728 452 3810 denegandum.
497 3726 602 3810 Atque
618 3727 722 3799 illud,
753 3724 782 3786 si
795 3724 948 3788 locorum
965 3732 1106 3802 tautum,
1134 3719 1191 3802 qui

133 3816 183 3898 in'
201 3831 371 3894 Pundcctis
413 3833 639 3915 reperiuntur,
692 3831 853 3894 tationem
887 3825 1058 3905 babemus,
1102 3821 1192 3886 omni

53 3999 58 4007 ,
135 3935 236 3998 modo
257 3933 410 3996 debemus
432 3933 622 3998 concedere.
665 3933 726 3997 Rei
751 3932 837 3994 enim
862 3928 1038 3994 immobilis
1066 3925 1192 4014 furtum

137 4057 208 4100 non
234 4035 391 4099 committi
412 4035 553 4117 ideoque
572 4037 711 4100 fundum
732 4055 751 4098 a
770 4037 874 4100 malae
898 4029 977 4092 fidei
998 4040 1190 4110 possessore
1301 4061 1308 4078 .

138 4141 312 4205 alienatum
334 4159 352 4198 a
371 4141 476 4240 bonae
497 4137 577 4201 fidei
603 4149 731 4206 emtore·
750 4137 885 4221 usucepi
905 4150 1020 4220 posse,
1041 4125 1092 4194 bis
1106 4123 1193 4188 Pan·

141 4241 305 4306 deotemus
334 4239 417 4304 locis
447 4238 655 4307 monstretur.
