2928 5068
1088 413 1161 528 toa

105 633 199 682 meno
227 641 297 684 non
319 639 403 698 opus
425 627 475 680 est
497 615 636 682 dominii
654 615 812 680 debitoris
839 606 1053 702 probatione,
1095 599 1163 686 sal·-¹

103 732 169 782 tem
189 723 302 801 iniis,
338 741 421 804 quaa
443 721 664 786 conventione
687 713 942 788 constituuntur.
988 723 1089 797 Quod
1109 725 1164 787 in.

103 824 265 904 telligitur
289 843 332 885 cx
356 823 413 904 iis,
428 827 515 908 'quae
539 823 574 884 in
602 824 644 884 L.
669 827 720 894 15..
744 822 768 904 ᾗ.
789 827 821 887 1.
853 823 898 883 D.
922 822 960 886 de
976 827 1164 908 pignoribur

103 939 133 986 et
150 927 340 1012 hypothecis.
368 927 438 990 XX.
465 937 492 989 t.
521 925 624 986 Gneus
649 922 749 988 Libro
770 925 929 1008 singulari
956 927 997 990 de
1019 927 1164 992 formula

15 1013 18 1020 '
85 1030 336 1112 ,hypothecario
370 1015 501 1092 scribit:
567 1031 572 1039 ·

148 1169 242 1248 Quod
260 1167 399 1250 dicitur,
438 1165 623 1229 creditorem
637 1166 778 1252 probare
798 1165 926 1244 debere,
961 1191 1033 1232 cum
1053 1193 1165 1234 conve·

145 1275 268 1354 aiebat,
299 1294 365 1333 reno
387 1275 423 1332 iu
444 1271 532 1336 bonie
554 1268 703 1332 debitorie
714 1271 841 1353 fuisse,
870 1273 917 1360 ool
937 1293 1008 1333 eom
1026 1281 1165 1338 corvem

146 1379 259 1438 tionem
277 1379 434 1461 pertinet,
464 1399 545 1460 quoe
565 1377 749 1458 epece‘oliter
760 1373 863 1458 facto
884 1389 946 1456 est,
974 1398 1038 1439 non
1058 1378 1105 1440 ad
1124 1380 1168 1440 il-

145 1480 230 1560 lcm,
259 1503 340 1565 quae
362 1481 502 1565 quotidie
522 1482 620 1540 interi
639 1479 716 1540 eoiet
736 1477 953 1563 cautionibus,
989 1493 1027 1544 ut
1046 1486 1169 1564 eperia·

145 1584 219 1644 liter
240 1585 332 1650 rebue
353 1583 547 1672 hypothecae
568 1585 692 1660 nomine
711 1582 817 1666 datio,
840 1595 944 1656 cetero
966 1587 1065 1646 ete‘em
1086 1584 1169 1648 boso

80 1673 87 1684 ⁶
146 1701 310 1750 teneantur
337 1686 505 1762 debitoris,
550 1675 632 1770 quoe
663 1706 747 1748 nunc
775 1685 873 1748 habet
898 1698 928 1748 et
955 1707 1038 1770 quae
1053 1669 1167 1769 posteo

148 1795 353 1878 acquisierit,
391 1787 524 1874 perinde
544 1801 641 1873 atque
666 1791 698 1851 ai
717 1789 898 1873 epeciolitcr
916 1790 989 1864 ¹hoe
1008 1813 1058 1852 res
1081 1790 1171 1874 setia-

146 1907 215 1956 oeot
236 1896 405 1979 obligatae.

101 2030 197 2096 Unde
218 2039 433 2108 certumest,
465 2030 502 2093 in
523 2017 713 2113 hypotheca
733 2029 879 2113 generali
901 2029 1083 2116 dominium
1105 2029 1168 2094 de-

102 2135 221 2198 bitoris
243 2155 262 2196 a
280 2132 446 2196 creditore
465 2138 534 2196 non
555 2133 677 2196 debera
697 2134 844 2214 probari.
885 2131 941 2195 Sic
966 2153 1046 2216 ergo
1072 2135 1168 2198 otiam

103 2238 139 2298 in
160 2235 305 2298 saxonia
324 2235 472 2298 creditor
499 2235 560 2299 buc
588 2235 787 2318 probatione
821 2245 891 2303 tum
923 2229 1025 2314 adeo,
1067 2259 1169 2320 quum

104 2340 233 2402 actione
254 2337 494 2420 hypothecaria
514 2335 673 2406 adversae
702 2345 894 2402 extraneum
923 2337 976 2400 rei
993 2360 1168 2420 possesso·

104 2462 174 2504 rem
197 2425 318 2517 utitur,
351 2439 541 2511 liberandus
559 2446 633 2515 teat,
663 2446 713 2519 et,
735 2439 778 2518 „ei
798 2440 941 2524 uliquit,
973 2441 1058 2502 nihil
1078 2441 1170 2506 aliud

107 2545 154 2611 ab,
168 2565 207 2606 ao
222 2543 442 2626 'probandum
465 2551 533 2618 ost,
555 2561 657 2626 quam.
673 2563 746 2606 rem
766 2564 786 2605 a
807 2543 959 2606 debitore
970 2539 1072 2604 fuisse
1085 2564 1169 2625 pos-

68 2649 71 2660 '
106 2667 236 2710 cessam.
281 2644 398 2708 Utrum
421 2645 506 2708 enim
520 2643 595 2728 jure
614 2646 958 2726 possederit-debitor
978 2651 1021 2706 an
1039 2645 1169 2728 injuria,

104 2750 188 2812 nihil
212 2746 388 2810 creditoris
410 2746 557 2808 interest.
610 2745 694 2808 Nam
715 2749 745 2809 ei
768 2769 838 2812 non
868 2747 976 2811 solum
996 2765 1050 2808 res
1074 2745 1171 2809 debi-

105 2854 188 2916 toris
216 2850 390 2933 propriae,
432 2869 550 2912 rerum
581 2847 678 2909 etiem
699 2849 842 2930 alienae,
883 2867 964 2932 quas
992 2849 1169 2912 bonafide

77 3013 80 3018 .
105 2954 237 3018 debitor
254 2951 460 3035 possidebat,
480 2951 627 3033 pignoris
642 2950 719 3035 jure
740 2955 938 3034 obligantur.
982 2948 1085 3032 Igitur
1098 2953 1172 3015 eut-

105 3057 197 3117 fioict
216 3076 235 3117 a
255 3055 421 3118 creditore
441 3053 594 3136 probari,
636 3071 709 3118 rem
734 3077 754 3119 a
782 3057 934 3119 debitore
962 3053 1066 3122 iniere
1086 3061 1170 3136 p'oa-

107 3179 227 3231 cessam
255 3167 312 3220 aut
331 3159 421 3241 justo
443 3155 541 3218 titulo
569 3155 683 3218 saltem
710 3159 910 3241 acquisitam.
977 3155 1053 3232 Quo
1082 3143 1177 3220 facto

105 3280 282 3344 possessor
296 3326 298 3330 ,
314 3259 448 3324 ombino
486 3257 753 3324 condemnandus
785 3274 849 3341 est,
892 3261 958 3326 nisi
991 3245 1184 3320 tetendero

107 3363 232 3445 possit,
265 3383 302 3425 ae
326 3362 459 3426 meliori
481 3361 574 3445 jure,
592 3415 594 3420 ,
611 3381 707 3444 quem
729 3385 795 3445 quo
820 3367 952 3427 debitor
973 3357 1173 3444 possederit,

108 3485 196 3527 nuno
215 3465 405 3550 possidere,
449 3473 506 3525 aut
539 3470 629 3526 certo
658 3473 827 3528 auctorem
850 3487 946 3529 suum
972 3459 1171 3547 possedisse.

84 3620 89 3626 .
105 3568 263 3650 Alioquin
284 3577 368 3650 quot
387 3576 421 3629 et
439 3567 566 3650 quantis
590 3563 849 3650 difficultatibus,
865 3585 1013 3654 pugnare
1036 3563 1172 3627 deberet

108 3669 257 3733 creditor
276 3670 495 3754 hypothecam
516 3665 702 3753 generalem
722 3683 972 3752 persecuturus,
995 3667 1075 3732 siin
1090 3687 1172 3750 que-

107 3771 193 3832 libet
212 3781 267 3852 re,
295 3793 391 3855 quam
410 3769 610 3852 vindicaret,
642 3773 778 3854 plenum
810 3774 970 3838 debitoris
991 3769 1187 3838 dominium.

111 3874 152 3935 ab
177 3891 217 3935 eo
247 3868 452 3957 probandum
480 3875 587 3938 esset?
653 3876 806 3940 Ceterum
834 3875 999 3954 concedo,
1051 3871 1173 3970 petioni
1205 3945 1209 3950 ¹

111 3975 365 4058 hypothecariae
407 3987 547 4062 propter
572 3967 636 4044 'res
662 3961 825 4045 ,mobiles
856 3984 952 4042 tacita
987 3975 1195 4060 hypotheca„

114 4077 272 4161 obligatae
294 4080 449 4146 'idversus
470 4083 605 4156 tertium
626 4104 737 4146 earum
757 4075 1172 4167 possessorem-rpriesimc

114 4175 225 4246 locum
236 4184 322 4247 sore.
367 4181 436 4248 Nec
450 4207 530 4250 vcro
545 4187 610 4251 hoc
623 4175 777 4272 impedit,
800 4167 981 4272 quomious,
1003 4183 1031 4244 oi
1044 4178 1180 4264 quaudo¹
