2960 5064
1107 275 1277 398 [ιδ’

95 532 196 612 dum,
232 537 459 616 praeterquam
482 527 519 594 in
538 525 598 590 lite
626 528 668 590 de
689 525 835 596 duminio
862 526 928 604 rei,
965 525 1040 610 cogi
1060 527 1156 612 nullo

80 634 199 700 ‘modo
229 654 340 718 posse.
404 633 508 714 Atque
536 650 573 692 ea
598 631 667 713 ipsa
695 631 847 712 probatio
877 628 957 714 quid
985 631 1075 692 aliud
1098 643 1157 708 est,

94 758 195 819 quam
223 736 377 820 probatio
409 733 546 797 dominii
576 731 742 795 auctoris?
805 732 889 796 Nam
925 731 953 793 si
985 730 1159 814 legatarius

94 859 168 902 rem
188 839 330 920 legatam
351 837 513 918 vindicat,
546 842 578 896 et
600 833 765 917 quomodo
792 854 861 894 eam
883 841 1022 895 testator
1047 840 1158 917 acqui·

95 940 231 1016 siverit,
274 942 419 1024 probare
446 940 591 1022 cogitur,
635 934 779 1014 ostendit
804 933 983 998 dominium
1005 938 1157 1000 auctoris.

95 1039 253 1105 Testatur
275 1043 361 1105 enim
381 1049 496 1106 auctor
520 1051 570 1103 cst
590 1038 748 1122 legatarii.
790 1036 907 1120 Neque
927 1037 969 1097 ad
989 1058 1059 1101 rem
1077 1059 1159 1120 per-

93 1143 199 1224 tinet,
227 1145 319 1227 quod
344 1143 454 1206 dicere
471 1154 589 1228 potes,
623 1142 853 1226 probationem
873 1139 980 1218 modi,
1017 1157 1083 1222 quo
1106 1150 1162 1202 ta-

96 1255 203 1310 ctatur
219 1269 292 1312 rem
311 1248 450 1331 legatam
470 1244 698 1330 acquisiverit,
719 1243 867 1306 nondum
891 1259 961 1306 ease
985 1243 1160 1327 probatio·-

72 1383 74 1388 ν
99 1367 177 1411 uem
196 1347 333 1412 dominii
353 1349 515 1428 auctoris,
536 1347 612 1433 quia
630 1347 704 1410 fieri
723 1347 847 1430 possit,
874 1356 929 1426 ut,
958 1346 1015 1429 qui
1027 1365 1104 1406 rem
1125 1344 1160 1408 in

73 1457 290 1540 *testatorem
311 1451 534 1531 transtulerit,
555 1451 644 1537 ¹ipae
663 1449 844 1512 dominium
871 1449 922 1512 rei
948 1446 1080 1510 minime
1096 1449 1159 1512 ba·
1191 1501 1194 1510 ,

96 1552 217 1617 buerit.
258 1552 384 1619 Etenim
405 1555 433 1616 si
455 1557 599 1638 probare
617 1551 840 1614 tantummodo
863 1548 1037 1632 legatarius
1055 1554 1159 1614 volu-

95 1661 178 1736 erit,
214 1665 407 1722 testatorem
429 1679 501 1722 rem
524 1653 707 1739 aliquando,
723 1655 951 1735 acquisivisse,
975 1656 1049 1716 'uec
1073 1675 1158 1718 vero

93 1755 280 1821 dominium
300 1760 387 1844 ejus,
417 1762 474 1846 qui
497 1781 569 1823 rem
586 1756 736 1820 testatori
755 1756 945 1836 tradiderit,
975 1758 1162 1836 ostendere,
1224 1761 1230 1780 ‘

92 1879 217 1923 revera
234 1861 318 1928 nibil
340 1865 405 1948 ipsi
423 1863 599 1951 profutura
625 1869 680 1924 est,
697 1879 735 1920 ea
765 1861 931 1944 probatio.
970 1859 1050 1922 ,Eam
1074 1861 1160 1922 cuim

95 1960 170 2044 ipso
194 1963 249 2026 ΙΖΙ.
271 1965 426 2030 Tamum
456 1967 596 2058 ingenue
624 1960 764 2042 fatetur,
808 1962 871 2024 sibi
905 1959 975 2026 non
1013 1963 1160 2024 sufficere

95 2064 224 2144 videri,
246 2068 275 2132 si
291 2071 439 2150 vulgaris
464 2069 506 2131 de
524 2064 698 2149 probando
724 2063 870 2130 dominic
893 2065 1053 2128 sententia
1079 2083 1160 2126 vera

92 2165 147 2230 sit
204 2169 305 2244 Quod
327 2193 401 2240 curn
420 2172 468 2233 ita
487 2171 549 2249 sit,
593 2167 665 2230 sive
688 2167 748 2230 bac
771 2167 843 2230 siva
865 2169 926 2232 illa
952 2169 1077 2231 ratione
1100 2185 1161 2229 re-

92 2271 253 2353 scriptum
274 2272 490 2358 explicueris,
512 2271 663 2336 confiteri
678 2271 794 2350 debes,
818 2272 860 2333 de
878 2273 1076 2354 probatione
1095 2268 1162 2330 do-

93 2373 188 2434 minii
206 2375 375 2439 testatoris
397 2395 418 2442 a
437 2375 596 2456 legatario
616 2376 910 2459 pertractanda'iu
938 2395 978 2438 eo
994 2374 1067 2455 agi.
1112 2373 1160 2436 Ac

92 2474 123 2535 si
138 2474 393 2541 ,Thibantianam
420 2478 613 2542 senteutiam
635 2477 830 2558 explicando
851 2479 1013 2560 rescripto
1041 2475 1160 2538 admo-
1236 2469 1238 2476 ⁴

89 2565 202 2657 ⁸veris,
230 2579 317 2642 nibil
337 2599 451 2642 musae
474 2599 546 2642 essa
572 2579 725 2663 videbis,
756 2602 816 2642 cur
835 2583 1010 2664 legatarius
1034 2580 1162 2641 instru-

94 2679 213 2742 mentis
235 2680 417 2746 dominium
447 2683 610 2747 testatoris
640 2684 856 2764 probantibus
879 2685 1032 2766 indigeat.
1076 2680 1163 2744 Nam

98 2779 129 2842 ai
151 2781 323 2864 legatarius
343 2803 416 2846 rem
432 2785 579 2848 vindicat
600 2786 756 2868 logmata,
794 2789 850 2848 ΙΙΙ.
875 2787 1030 2890 Tarauna:
1051 2787 1092 2849 ab
1118 2805 1159 2848 eo
1215 2782 1218 2788 ’

94 2883 238 2966 legatum
254 2895 379 2958 tautum
397 2887 494 2950 volet
513 2887 666 2969 probari,
687 2909 725 2950 ac
744 2891 889 2970 probato
913 2909 953 2950 eo
969 2897 1164 2952 testatorem

90 3008 159 3074 pro
183 2987 317 3050 domino
344 2989 468 3053 baberi.
508 2988 604 3051 Unde
633 2991 791 3072 legatario
820 2992 1044 3054 instrumentis
1076 3012 1161 3072 opus

91 3113 165 3155 non
183 3099 247 3168 est,
268 3091 385 3176 quibus
406 3091 573 3155 testatoris
594 3092 775 3186 dominium
799 3093 932 3158 ostendi
949 3096 1066 3180 possit,
1086 3095 1162 3185 quia

92 3195 183 3260 illud
202 3217 274 3260 nou
292 3195 471 3280 probatur,
493 3193 552 3260 aad
573 3196 805 3282 praesumitur.

576 3381 609 3468 t.
647 3385 679 3451 c.

183 3501 250 3566 Alit
268 3501 385 3566 deinde
405 3503 441 3565 in
467 3503 617 3587 Corpore
640 3504 727 3568 ‚luris
749 3506 1069 3591 locitreperiuntnr,
1102 3512 1162 3575 ubi

98 3605 143 3667 de
160 3604 304 3670 dominio
329 3605 504 3691 probando
532 3606 616 3669 nihil
644 3607 776 3691 quidem
805 3609 945 3692 legitur,
989 3612 1052 3680 sed
1074 3614 1162 3676 illud

96 3708 299 3790 ostenditur,
329 3731 404 3773 eum
422 3719 549 3776 tautum
568 3710 620 3773 rei
638 3711 862 3778 vindicatione
883 3715 933 3777 uti
959 3735 1076 3798 posse,
1104 3719 1162 3799 qui

95 3833 115 3872 a
138 3810 274 3874 domiuo
295 3834 367 3877 rem
387 3813 551 3897 acceperit
572 3813 743 3896 traditam,
764 3821 822 3882 vel
843 3822 880 3882 in
900 3820 1037 3882 dominii
1059 3841 1162 3903 quac-

95 3913 207 3976 stione
240 3932 315 3978 aum
349 3933 421 3978 esse
451 3935 530 4000 prae
556 3915 629 3978 aliis
665 3921 841 4002 tuendum,
885 3921 942 4004 qui
971 3943 990 3982 a
1024 3923 1159 3984 domium

96 4035 227 4078 cansam
254 4015 371 4080 babeat
396 4017 600 4101 possidendi.
668 4018 793 4094 Quibus
830 4026 915 4087 locis
944 4025 1091 4105 vulgaris
1120 4021 1162 4086 da

98 4117 248 4181 dominio
277 4121 451 4202 probando
481 4123 642 4185 cantantia
669 4125 769 4188 valde
800 4127 935 4189 videnu-
964 4125 1162 4207 confirmari,

98 4221 183 4304 quia,
202 4240 277 4286 cum
298 4223 333 4285 iu
353 4223 413 4286 rei,
425 4223 645 4291 vindicatione
663 4226 733 4290 titis
748 4239 885 4293 eventus
902 4250 921 4291 a
941 4226 1087 4290 dominio
1103 4249 1162 4290 so·
