2928 5068
1105 313 1187 403 ιιι·

120 535 198 578 nem
225 535 283 578 sua
302 523 436 596 sponte,
455 516 502 576 uti
523 513 636 592 debet,
666 533 736 578 nou
753 515 916 606 restituat,
947 535 1015 578 enm
1037 537 1099 598 per
1119 517 1174 600 ju-

81 683 86 689 ,
119 618 203 684 dicis
226 616 443 678 sententiam
432 639 466 692 ιιι
486 639 521 678 se
543 615 671 680 debere
686 618 880 696 transferre,
916 621 990 700 quia
1011 617 1172 681 vindictae

115 720 266 802 privatae
288 717 382 778 locus
408 738 568 782 essenon
594 729 716 802 potest.
746 701 824 782 Ut
845 729 952 782 eutem
973 719 1060 781 illud
1079 739 1169 780 asse-

115 829 244 902 quatur,
266 838 397 885 ueeesse
418 829 474 898 est,
494 819 597 903 judici
615 819 807 904 persuadeat
826 821 1010 904 probando,
1032 821 1169 886 alterum

113 931 229 984 tenere
249 942 338 999 rem,
359 931 392 982 et
410 943 544 1004 negasse
551 966 561 1002 ,
583 942 652 986 eam
672 943 762 984 susm
785 941 872 1001 esse,
893 945 953 986 nee
976 935 1176 986 tamensem

109 1025 313 1102 restituisse,
353 1025 432 1088 lieet
453 1011 646 1092 restituensli
668 1023 807 1086 officium
827 1024 879 1088 illi
908 1026 1095 1108 impositum
1112 1022 1167 1082 sit.¹

110 1127 263 1203 Aeeedit,
289 1125 380 1210 quod
401 1128 675 1209 quiremtanet,
706 1135 739 1194 et
764 1146 833 1196 eam
855 1149 944 1196 snam
966 1147 1037 1190 esse
1058 1133 1164 1206 negat,

68 1233 71 1238 '
107 1249 183 1290 non
202 1221 321 1293 dolose
341 1238 451 1310 negat,
486 1227 525 1296 ln
548 1229 720 1310 negatione
751 1228 836 1318 enim
858 1229 955 1292 dolus
983 1227 1164 1310 eerninon
1271 1241 1272 1246 ’

104 1337 238 1412 potest,
280 1333 357 1414 quia
373 1331 480 1412 haee,
508 1331 572 1394 ubi
587 1339 680 1394 aeter
701 1347 771 1394 reru
797 1331 1020 1413 persequitur,
1060 1325 1165 1392 actori

104 1432 201 1494 utilis
223 1441 347 1496 tautum
375 1453 447 1494 asae
470 1442 596 1516 potest,
638 1431 694 1514 qui
719 1453 806 1496 nune
831 1434 1073 1514 possessionem
1092 1429 1162 1518 sine

103 1535 270 1598 ulteriore
292 1535 523 1616 disceptatione
544 1535 669 1617 accipit.
732 1534 847 1617 Neque
875 1527 1039 1599 restitutio
1067 1531 1130 1592 rei.
1145 1549 1165 1588 a

104 1637 220 1721 judice
236 1635 426 1704 adversario
446 1638 593 1720 injuncte
621 1657 729 1719 poena
748 1659 819 1702 esse
838 1633 912 1709 doli
933 1645 1060 1718 potest,
1102 1629 1162 1693 aed
1246 1687 1248 1693 ,

105 1740 241 1824 effeetus
262 1738 442 1818 negationis
458 1738 624 1806 naturalis.
686 1740 739 1804 Sic
773 1759 869 1820 ergo,
912 1756 1010 1818 quum
1030 1733 1160 1818 negatio

105 1841 228 1910 dolosa
251 1839 316 1914 diei
338 1860 408 1902 uon
435 1841 557 1922 possit,
590 1842 674 1921 ,quia
705 1841 802 1910 dolus
830 1840 900 1928 sine
917 1838 1037 1928 'animo
1064 1831 1162 1922 alteri

102 1942 249 2030 nocendi
269 1962 340 2004 uon
367 1940 579 2024 intelligitur,
599 2009 601 2014 ,
621 1954 717 2026 atque
746 1932 909 2027 restitutio
937 1937 1163 2032 possessionis,

104 2045 182 2125 quia
201 2063 221 2108 e
240 2061 299 2104 reo
322 2061 380 2125 sua
399 2053 516 2124 sponte
538 2066 608 2126 ιιοιιΙ
631 2047 686 2126 fit,
726 2069 746 2108 a
765 2045 875 2128 judica
905 2039 1103 2124 injungenda
1118 2039 1161 2104 sit

104 2143 142 2207 in
166 2142 372 2224 oomrnqdum
397 2146 535 2226 autoris,
580 2148 652 2229 qui,
693 2147 864 2230 quominus
890 2129 1029 2226 proprio
1055 2137 1158 2228 ,Marte

105 2267 177 2310 eam
188 2315 190 2318 ,
200 2255 430 2334 persequetur,
445 2226 673 2324 fl'aeerbissimis
696 2249 860 2333 rindietse
877 2241 1157 2330 privataepoenis

102 2347 295 2430 impeditur,
318 2349 357 2409 iis
367 2347 570 2432 ,adstipulari
590 2352 684 2430 nullo
707 2351 808 2414 modo
831 2367 981 2432 possum,
1008 2344 1072 2426 qui*
1088 2363 1158 2414 eam
1202 2370 1206 2375 ·

102 2450 318 2534 possessionis
329 2449 384 2539 ‚asi
397 2461 540 2530 actorem
560 2454 807 2516 translationem
828 2452 1007 2540 arl'poeues
1022 2443 1160 2520 dolosae

100 2550 307 2614 inficiationis
326 2554 543 2631 ιιιιιιιιᾱιιιι,
560 2574 630 2616 esse
651 2557 859 2632 arbitrantur.
910 2541 1026 2624 ¹Quam
1052 2543 1160 2628 pleri-

81 2651 167 2738 'que
190 2653 253 2714 huo
277 2663 425 2735 spectare
445 2665 563 2736 putent
595 2656 683 2740 Nov.
708 2637 819 2718 XVlll.
846 2677 923 2738 esp.
947 2661 998 2716 10.
1027 2668 1064 2708 ea
1087 2665 1158 2706 ”01²

100 2757 344 2836 denegatione
375 2758 611 2836 possessionis,
651 2759 711 2820 sed
733 2759 775 2818 de
799 2759 864 2818 alio
894 2775 969 2819 earu
996 2749 1156 2831 loquitur

99 2857 278 2924 Etenim
251 2879 292 2924 ιι
298 2878 473 2956 possessor
492 2871 625 2942 neget,
627 2882 698 2924 rem
720 2861 809 2924 illius
832 2879 919 2952 esse,
949 2854 1041 2937 cujus
1064 2858 1155 2911 actor

101 2961 181 3022 dlffll
213 2967 246 3035 tt
277 2979 395 3024 retem
428 2979 498 3040 0⁸09
518 2967 662 3046 probat,
704 2963 943 3055 possessionem
970 2960 1006 3020 in
1036 2950 1154 3023 actoris

99 3061 322 3136 commodum
319 3061 488 3142 amittit,
507 3073 551 3144 et
567 3067 597 3128 si
618 3066 726 3148 quid
714 3064 813 3154 juria
819 3064 917 3146 ipse
914 3064 952 3132 in
972 3079 1011 3126 re
1029 3056 1154 3128 habeat,

98 3165 135 3228 id
156 3183 256 3224 nuno
265 3161 389 3244 agendo
412 3167 566 3263 persequi
587 3167 693 3234 (lebet.
740 3165 871 3254 Neque
894 3167 935 3228 sie
962 3160 1013 3226 rei
1042 3147 1155 3220 vindi-

100 3265 228 3336 ertiona
245 3264 293 3328 ibi
314 3285 436 3344 sermo
450 3288 520 3330 oeae
542 3270 693 3355 videtur,
729 3269 829 3352 magis
860 3269 901 3332 de
911 3249 1156 3360 ¹hypothecaria
1240 3279 1245 3288 ·

96 3367 246 3442 notione·
283 3363 345 3428 Fae
367 3389 433 3443 me
441 3390 512 3432 rem
533 3371 613 3452 'l'itii
632 3372 820 3454 possidere,
853 3390 957 3459 quam
979 3365 1062 3426 alter
1079 3368 1153 3418 tan-

101 3487 195 3550 quam
213 3467 276 3532 sibi
306 3469 552 3551 oppignoratam
580 3482 679 3553 petat.
718 3472 836 3554 Nego
866 3490 936 3533 rem
964 3461 1043 3528 Titii
1073 3476 1152 3520 esse

98 3571 201 3645 Attor
221 3569 258 3632 it
277 3573 408 3652 probat.
435 3570 778 3650 ,Νιιιιιιιίιιὶιοιιιίιιιιι
802 3595 873 3636 rem
893 3569 1036 3634 retinere
1057 3561 1153 3650 volo,

98 3671 176 3754 quia
194 3671 272 3734 mini
292 3674 385 3754 prius
403 3671 524 3753 Titius·
544 3692 613 3742 eam
637 3675 916 3760 oppignoraverit.
976 3655 1050 3733 'iam
1069 3685 1151 3728 vero

99 3793 187 3836 nune
207 3771 356 3855 propter,
371 3774 520 3856 dolorem
549 3777 1019 3860 negatiouampossessiouem
1039 3769 1152 3834 amitto

100 3885 136 3952 ,et
157 3873 397 3956 hitto-thesaur
408 3877 537 3940 notione
557 3887 672 3944 eontm
693 3865 840 3963 priorem
861 3879 1054 3964 petitorem,
1097 3868 1154 3951 qui

100 3997 189 4040 nuno
210 3997 382 4059 possessor
405 3987 476 4062 est,u
490 3979 633 4064 experiri
656 3981 855 4063 mmpellor,
