2928 5068
307 363 384 444 144

305 573 389 638 cium
409 567 613 656 pocaiuorem
633 561 843 630 vindicetiono
861 564 911 630 uti
937 563 1086 632 venditor
1110 561 1228 652 pouit,
1252 583 1369 652 ‚necne
1446 629 1447 658 ¹

305 677 398 744 rclde
418 673 519 738 ndbno
539 672 623 735 inter
641 669 719 734 lotor
739 669 936 754 disceptatur.
977 669 1045 748 Qun
1065 669 1105 734 de
1124 691 1161 734 re
1181 669 1297 752 dignm
1310 681 1369 750 eet,

308 781 367 868 qui
386 777 566 844 conferetur
585 778 639 842 Ill.
662 774 866 838 Gerracrrnux
885 777 1016 859 diccept.
1035 774 1160 861 sorem.
1189 775 1279 840 Tum.
1300 761 1371 842 111.

307 909 385 974 pag.
404 889 481 966 382.
501 888 534 944 et
555 870 720 942 nurum
740 877 776 942 in
789 877 871 942 libro
888 878 1054 962 inscripto:
1073 878 1127 954 die
1144 877 1303 963 &duneng
1313 881 1372 942 der
1438 949 1441 958 A

310 988 486 1071 Glciubiger
504 988 549 1048 im
572 985 721 1050 concurs.
743 983 909 1068 Dreadcu',
933 989 1028 1064 tute.
1050 983 1075 1066 b.
1094 975 1148 1048 dl.
1169 991 1202 1044 et
1222 986 1279 1048 35·
1316 985 1373 1044 ttt-
1447 989 1448 998 ’

310 1109 390 1176 qne,
408 1096 446 1150 nt
465 1087 593 1173 opinor,
610 1086 779 1150 vindicino
801 1087 947 1152 cdrercua
964 1085 1132 1170 quemlibet
1151 1084 1200 1148 rei
1219 1105 1374 1168 pocaeccn-

310 1213 398 1278 rem,
425 1190 492 1255 cire
513 1191 613 1269 bonu,
641 1190 707 1254 aire
727 1189 807 1255 mala
826 1191 889 1254 lide
908 1191 1078 1276 poacideat,
1105 1189 1294 1254 munda
1314 1199 1371 1254 eu.
1394 1171 1398 1189 ’

310 1298 416 1374 Quum
443 1295 527 1360 enim
554 1295 708 1378 legislator
735 1305 843 1360 notter
861 1295 1102 1361 vindicationem
1121 1293 1284 1360 venditori
1304 1313 1372 1380 eam

303 1381 351 1466 'ob
371 1420 491 1466 ornem
512 1399 675 1486 concedet,
695 1399 771 1483 qnia
790 1399 863 1464 dolo
876 1399 1045 1480 debitoria,
1073 1399 1145 1482 qni,
1172 1417 1272 1480 quum
1293 1417 1374 1462 eme·

310 1515 379 1589 ret,
400 1527 465 1568 non
485 1505 663 1590 ignorabat,
683 1525 716 1566 ce
738 1525 803 1568 non
824 1524 890 1570 ecce
906 1504 1072 1581 colrendn,
1091 1502 1229 1566 dominio
1245 1501 1374 1566 ntuetr·

311 1613 358 1676 tio
383 1609 628 1692 impediebatur,
659 1607 732 1673 inde
751 1628 810 1691 per
829 1629 862 1673 ae
883 1617 983 1692 petet,
1011 1609 1202 1686 debitorem,
1233 1607 1290 1688 qui
1306 1607 1374 1687 ipre
1449 1593 1450 1598 ¹

311 1715 483 1778 dominium
504 1731 570 1773 non
584 1710 745 1791 habuerit,
768 1734 871 1797 neque
891 1712 972 1776 illud
993 1713 1027 1776 in
1052 1714 1186 1776 alterum
1205 1711 1376 1772 menaserre

311 1837 410 1904 poree.
453 1815 561 1897 ltaque
582 1815 655 1897 quin
683 1815 822 1882 debitore
843 1817 1024 1881 translatum
1052 1837 1118 1880 non
1146 1823 1212 1891 eet,
1254 1811 1374 1896 requiri

313 1923 405 1986 nullo
443 1925 536 2004 pecto
563 1919 676 2002 potuit.
741 1921 831 1996 Quod
858 1941 955 2003 quum
982 1921 1027 1985 ita
1052 1921 1108 1997 cit,
1158 1917 1252 1982 etiam
1279 1915 1318 1980 ub
1340 1933 1375 1980 ec

313 2035 422 2114 petere
442 2045 559 2088 mercer
579 2024 654 2087 licet
672 2025 848 2109 venditori,
876 2024 928 2086 cni
947 2034 1073 2107 praeter
1092 2024 1199 2087 dolum
1220 2022 1376 2098 debitoris,

288 2132 369 2217 ,qni
402 2130 477 2194 emit
500 2147 635 2214 mercer,
670 2128 752 2196 nibil
778 2128 926 2195 advena·
955 2141 1141 2196 extraneum
1166 2145 1374 2214 pccaucorem

313 2234 587 2320 probandumeot.
637 2252 640 2260 ⁴

747 2347 812 2513 ς.
854 2423 910 2494 17.

302 2546 307 2556 ¹
402 2561 494 2640 Quot
521 2583 541 2626 e
565 2559 780 2644 probationem
801 2563 932 2628 dominii
956 2565 991 2627 in
1011 2581 1165 2628 concnrrn
1185 2561 1374 2626 creditorum

315 2671 442 2745 attinet,
462 2667 596 2730 multum
616 2665 764 2744 interest,
791 2677 899 2730 nuum
920 2669 990 2751 quie
1011 2688 1078 2731 rem
1098 2668 1158 2728 eibi
1178 2665 1311 2728 debitum
1334 2685 1374 2728 ex

314 2774 500 2857 obligatione
520 2780 742 2856 persequetur,
773 2791 814 2834 nn
839 2772 991 2836 actionem
1020 2772 1055 2834 in
1078 2791 1147 2834 rem
1168 2780 1300 2854 propter
1319 2771 1376 2831 do·

314 2878 448 2943 minium
477 2885 586 2938 conten
615 2875 782 2940 creditorec
811 2877 962 2939 instituet.
1004 2873 1156 2959 Equidem
1177 2895 1244 2939 non
1265 2875 1376 2956 ignoro

312 2983 441 3048 numine
462 2978 693 3042 Vindicantinm
714 2981 750 3043 in
768 3001 923 3043 concursu
948 3001 1013 3043 non
1037 2981 1139 3042 colum
1151 2995 1213 3042 'eoa
1233 2977 1377 3061 intelligi,

315 3087 372 3168 qni
399 3103 513 3148 revera
540 3083 711 3147 dominium
740 3084 789 3148 rei
809 3085 867 3149 cibi
888 3085 1057 3148 tribuerint
1084 3084 1216 3166 ideoque
1246 3091 1301 3144 nut
1328 3084 1376 3144 rei

222 3263 227 3282 .
314 3187 526 3250 vindicatione
548 3195 602 3248 ent
621 3188 741 3252 actione
760 3189 797 3250 in
817 3209 885 3252 rem
906 3187 1084 3251 Publiciana
1097 3197 1242 3271 ntmtnr,
1263 3207 1378 3250 rerum

317 3291 411 3356 etium
432 3287 601 3351 creditores
620 3290 742 3370 speciei.
785 3291 928 3354 Creditor
948 3301 1052 3357 entem
1073 3293 1204 3375 speciei,
1232 3289 1289 3373 qni
1310 3313 1377 3352 rem
1453 3301 1454 3304 ’

277 3447 279 3452 .
316 3395 353 3458 in
373 3401 663 3457 occurentium
683 3414 725 3458 en
745 3415 901 3460 concursu
920 3395 1016 3480 petit,
1046 3415 1089 3460 ex
1116 3417 1177 3459 nnn
1204 3396 1269 3460 fori
1297 3395 1380 3457 nibil

316 3499 405 3564 aliud
430 3499 563 3581 probare
584 3499 691 3576 debet,
720 3520 813 3583 quum
834 3501 1066 3586 obligationem,
1096 3521 1138 3564 ex
1166 3521 1228 3583 qun
1256 3498 1380 3562 debitor

317 3605 358 3668 ad
384 3623 453 3666 rem
480 3603 515 3665 in
542 3602 644 3684 apeme
671 3605 894 3674 rectitnendcm
923 3607 954 3667 ei
981 3606 1153 3668 tenebatur.
1196 3603 1278 3667 linco
1298 3625 1378 3685 pro-

315 3708 399 3771 batio
420 3705 550 3769 dominii
569 3706 711 3789 probatio
732 3707 793 3770 diei
822 3728 887 3771 non
915 3718 1026 3791 potent.
1068 3708 1119 3771 Sic
1146 3729 1220 3792 ergo
1248 3706 1287 3770 nd
1315 3709 1379 3769 do.

317 3810 451 3872 minium
472 3809 665 3892 probandum
690 3810 715 3870 ii
734 3819 856 3875 nutum
877 3815 1109 3897 obligabantur,
1139 3813 1196 3895 qui
1223 3831 1264 3874 ex
1283 3833 1377 3875 cauea

318 3913 452 3976 dominii
474 3911 529 3976 vel
549 3914 646 3994 ¹quusi
667 3912 797 3980 dominii
817 3937 884 3980 rem
905 3939 923 3980 u
943 3917 1145 3982 creditoribur
1165 3922 1286 3999 petunt.
1326 3916 1377 3978 Ad

320 4039 388 4083 cem
408 4017 619 4101 probationem
647 4019 819 4084 faciliorem
838 4021 1024 4087 reddendum
1048 4022 1183 4084 multum
1208 4040 1285 4083 neue
1311 4019 1377 4085 fori

320 4123 440 4205 uttnlit,
461 4121 566 4214 legum
585 4123 767 4188 anctoritate
786 4125 944 4188 interdum
964 4146 1028 4189 non
1049 4108 1166 4191 carens.
1210 4122 1262 4185 Sic
1278 4125 1373 4186 uxori

319 4227 401 4290 bonu
419 4227 505 4290 illuta
525 4245 567 4289 ex
586 4243 739 4292 concursu
758 4229 862 4294 mariti
880 4230 1051 4296 vindicanti
1070 4228 1229 4316 probanda
1248 4237 1296 4292 eat
1310 4239 1373 4310 aut,
