2928 5068
992 441 994 450 ,
1062 369 1141 444 1111

90 580 164 622 rem
183 579 271 636 essa
292 579 399 642 suam,
430 573 475 626 'se
497 563 548 625 rei
572 582 644 625 esse
672 561 857 643 dominumq
899 583 960 628 neo
986 587 1079 636 vero
1101 573 1145 638 ἰο

80 661 278 754 Ι,ιιιιιιιιιιιιιο
314 665 519 744 probationis
562 665 698 728 dominii
725 666 867 732 auctoris
902 670 1032 750 ccgltut.
1092 675 1145 738 Ex

81 755 255 846 ¹ejusmodi
272 765 387 828 libello
403 768 431 832 si
449 758 553 849 judex
573 770 788 845 concluserit,
808 778 968 848 actorem,
989 775 1045 854 qui
1058 777 1143 841 nibil

84 866 182 948 aliud
212 867 247 928 in
272 879 381 934 mente
406 868 536 948 babuit,
577 887 672 950 quam
692 891 763 934 rem
782 891 802 932 a
829 891 899 932 sese
928 872 1017 956 justo
1042 878 1140 940 titulo

84 988 162 1038 esse
184 968 386 1050 acquisitam,
406 970 457 1032 rei
479 971 732 1038 vindicationem
754 971 931 1036 instituisse
954 985 986 1038 et
1007 978 1143 1058 plenum

83 1071 139 1133 rei
160 1070 339 1134 dominium
361 1073 423 1134 sibi
445 1073 635 1149 assensisse,
667 1094 737 1134 non
765 1083 858 1136 recte
879 1080 981 1158 egisse
1000 1079 1145 1146 videtur.

84 1174 194 1254 Atque
215 1172 244 1232 si
265 1191 305 1232 eo
329 1174 510 1236 acerbitatis
541 1196 579 1248 ac
601 1177 783 1238 severitatis
812 1176 915 1259 judex
935 1182 1142 1260 processerit,

82 1285 124 1336 ut
149 1275 211 1337 bac
238 1274 450 1336 conclusione
478 1282 577 1340 nixus
605 1277 711 1340 actori
746 1277 967 1340 difficillimam
1004 1280 1142 1346 dominii

82 1377 230 1446 auctoris
252 1377 482 1457 probationem
492 1379 716 1461 imposuerit,
742 1379 867 1442 etiamsi
887 1399 964 1442 reus
990 1401 1142 1448 commo..

81 1479 135 1540 dis
137 1476 372 1568 possessionis
399 1477 485 1557 fisus
503 1480 633 1544 titulum
658 1482 887 1562 possessionis
884 1482 1039 1548 edixerit
1063 1487 1144 1548 uul-

81 1583 174 1655 lum,
214 1579 345 1674 nimiam
364 1581 433 1682 juri
456 1581 571 1652 stricto
593 1601 674 1665 prus
697 1584 863 1700 aequitate
878 1586 1147 1701 qraerogativenn

80 1671 219 1752 videtur
239 1675 448 1744 concessione.
486 1684 626 1765 Atque
614 1705 649 1746 m
671 1701 710 1745 eo
741 1685 928 1770 inprimis,
969 1697 1008 1754 ut
1028 1698 1147 1770 aperte,

82 1790 208 1867 dicam,
243 1784 335 1867 quod
357 1785 480 1864 sentio,
521 1783 648 1890 judices
678 1789 875 1870 vapulaaunt
902 1799 934 1850 et
953 1790 1141 1852 etiamnunc

78 1889 260 1974 vapulant,
279 1885 370 1968 quod
388 1907 458 1954 non
478 1899 685 1971 reputantes,
706 1893 850 1952 actiones
872 1891 908 1954 in
927 1892 1051 1954 libellis
1075 1891 1141 1954 bo.

82 1995 141 2059 die
160 2013 229 2054 uon
252 1990 431 2068 nominari,
464 1989 549 2073 juris
570 1992 675 2060 stricti
696 1992 872 2075 majorem,
905 2005 1007 2076 quem
1023 1993 1140 2056 salutis

83 2106 119 2158 et
142 2091 306 2156 commodi
326 2093 468 2174 partiunt
486 2092 608 2156 habent
627 2095 800 2156 rationem.
846 2097 896 2159 Itu
923 2095 1045 2170 actori,
1082 2098 1170 2175 quis

80 2219 155 2263 rem
174 2195 260 2260 dixit
281 2214 352 2256 esse
369 2215 477 2272 suam,
517 2195 547 2300 qi
574 2215 650 2259 reus
677 2195 768 2264 illud
792 2207 902 2280 negat,
944 2198 1140 2260 diabolicam

78 2305 255 2384 imponunt
277 2269 538 2380 probationem,
561 2309 594 2362 et
611 2300 643 2362 'si
666 2299 757 2362 illam
779 2319 849 2362 uon
869 2300 1062 2384 perfecerit,
1102 2302 1141 2364 id

79 2417 190 2468 tamen
208 2400 421 2484 probaverit,
444 2421 479 2462 se
500 2399 664 2464 meliori
651 2422 742 2485 Jure,
771 2422 868 2483 quam
889 2424 1000 2482 mum,
1020 2423 1141 2487 posse·

81 2509 186 2584 disse,
226 2500 440 2568 nibilominus
472 2522 566 2566 reum
602 2504 782 2579 absolvunt
801 2503 962 2586 ‚illudque
989 2505 1153 2584 efficiunt„
1213 2539 1217 2550 ·

34 2646 41 2668 .
79 2622 121 2674 nt
139 2616 232 2692 actor
256 2605 420 2668 immensis
443 2607 512 2668 litis
533 2607 691 2669 sumtibus
718 2617 892 2686 oneretur,
920 2609 1039 2690 quibus
1058 2629 1154 2689 pun·¹
1178 2669 1179 2672 ,

81 2732 156 2777 cere
175 2707 355 2791 potuisset,
377 2709 406 2767 si
426 2708 531 2791 judex
552 2707 656 2789 rigori
672 2707 757 2791 juris
778 2710 913 2772 nimium
927 2729 1001 2770 nou
1024 2709 1141 2770 indm-

79 2818 184 2880 sisset.
227 2809 440 2895 utnusquam
462 2830 578 2874 vesum
599 2820 667 2891 est,
690 2811 813 2892 quod
801 2831 837 2874 ns
856 2810 1039 2892 proverbio
1069 2820 1140 2872 esta
1155 2855 1157 2864 ι

71 2923 142 3000 fiat
171 2917 321 2997 Iustitia,
356 2925 470 2996 pereat
498 2913 662 2997 Mundum
704 2925 812 2980 tamen
831 2911 942 2994 specie
966 2913 1140 2994 proposita
1186 2991 1189 2995 Ι

80 3041 153 3086 esse
181 3037 314 3097 verum,
353 3017 452 3080 facile
482 3016 618 3098 quisque
645 3015 812 3112 aequitatis
846 3012 1013 3074 studiosus
1041 3013 1139 3080 nobis

79 3120 290 3193 concesserit.
347 3118 479 3182 Dixerit
509 3117 682 3200 quispiam,
703 3117 827 3191 ,actori
845 3135 896 3178 rer
887 3113 1160 3180 'vindicatione¹

77 3231 202 3292 frustm
230 3221 379 3286 instituta
397 3219 587 3285 Publiciana
608 3221 739 3298 actione
770 3219 821 3282 uti
843 3219 945 3280 licere
967 3216 1077 3300 itaque
1101 3237 1139 3280 ea

77 3329 228 3402 ratione,
254 3326 282 3386 si
303 3346 386 3406 quae
406 3323 508 3388 fuerit
529 3329 622 3384 antea
643 3325 812 3408 iniquitas,
843 3341 913 3385 eam
932 3341 1020 3386 nuno
1040 3320 1161 3400 plane,

79 3430 165 3496 tolli.
205 3425 273 3508 Ego
299 3447 384 3490 vero
402 3425 564 3508 concedo,
583 3445 685 3505 posse
705 3436 868 3502 actorem,
890 3429 1064 3501 postquam
1083 3419 1161 3480 ιιι-1

82 3532 147 3594 mia
165 3528 284 3614 judicis
305 3527 482 3590 severitate
498 3525 541 3598 in
569 3527 621 3587 rei
650 3525 874 3589 vindicatione
899 3520 1042 3594 inierim
1068 3521 1138 3584 die·

79 3633 232 3711 cesserit,
275 3629 421 3713 experiri
440 3626 630 3696 Publiciana
648 3629 777 3693 actione
803 3643 904 3710 eaque
926 3621 1053 3685 efficere
1076 3623 1138 3684 ud-

76 3735 220 3800 versarii
230 3735 346 3817 priore
361 3730 421 3792 lite
437 3729 579 3794 absoluti
593 3729 906 3793 condemnationem.
951 3723 1039 3797 Quid
1053 3745 1136 3793 vere

77 3839 116 3902 fit
140 3837 184 3898 de
206 3835 362 3898 sumtibus
384 3834 507 3916 prioris
525 3831 610 3914 litis,
650 3833 766 3915 quibus
794 3839 904 3909 actor,
934 3845 1039 3910 quum
1058 3847 1136 3892 reus

77 3941 329 4014 absolveretur,
358 3937 573 4002 onerabatur!
614 3935 701 3998 Num
723 3953 780 3994 eos
800 3930 987 3996 Publiciana
1009 3928 1137 3992 actione
1161 3985 1164 3993 .

76 4043 228 4106 instituta
250 4049 361 4116 actor,
384 4039 441 4123 qui
460 4060 547 4100 nuuc
569 4039 742 4102 victoriam
764 4043 929 4116 reportat,
956 4050 977 4091 a
996 4051 1056 4096 rao
1079 4051 1137 4094 re·

77 4144 274 4228 superabit?
315 4141 446 4204 Minime
474 4141 625 4224 gentium.
683 4139 770 4201 llaec
798 4137 884 4200 enim
911 4153 966 4198 res
992 4133 1039 4194 its
1065 4149 1163 4196 sese,

76 4247 284 4328 nonhabet,
319 4244 414 4308 sicuti
435 4243 472 4308 in
494 4244 650 4325 petitorio
675 4249 707 4304 et
728 4237 947 4322 possessorio.
990 4234 1135 4314 Namque
