2960 5064
313 415 377 512 fist.

314 621 466 712 stitsusus.
496 614 583 698 ¹llum
602 614 631 678 si
649 635 766 682 verum
786 621 843 697 eat,
865 613 970 684 solnm
989 612 1197 680 traditionem
1220 635 1263 678 ex
1277 617 1375 702 ,justa

314 745 410 786 cause
431 717 648 804 praecedente
675 717 823 780 sufficere
850 718 891 782 ad
917 717 1149 801 acquirendum
1179 717 1397 796 dominium,-

314 842 449 906 esmque
471 819 553 883 adeo
578 839 621 884 ex
638 821 713 904 jure
738 819 940 886 Justiuianeo
971 820 1013 881 ed
1037 820 1089 882 rei
1115 819 1375 884 vindicationem

311 925 489 1012 prodesse,
506 943 574 984 nou
596 922 806 1004 intelligitur,
829 945 888 986 our
908 921 1120 985 Josrrrrsrus
1142 923 1293 985 absoluta
1310 920 1376 984 de-

311 1047 399 1092 mum
415 1025 508 1108 longi
529 1025 684 1108 temporis
706 1027 964 1110 praescriptione
977 1025 1165 1106 possessori
1184 1025 1377 1088 facultatem

290 1130 363 1208 ¹rei
383 1127 597 1205 vindicandae
617 1129 824 1192 concesserit.
852 1113 1106 1190 Auctore'enim
1123 1126 1169 1188 Ol.
1185 1125 1374 1202 Hnnscnrn,

311 1230 494 1314 quicunque
514 1249 586 1291 rem
606 1229 694 1312 justo
721 1231 818 1292 titulo
843 1228 1031 1312 acquisivit,
1066 1223 1202 1310 eumque
1222 1227 1375 1290 traditam

312 1332 452 1414 accepit,
494 1329 522 1396 is
540 1340 653 1412 potest
675 1331 841 1398 vindicare
864 1342 899 1394 et
923 1339 1038 1415 petere
1058 1350 1129 1394 rem
1151 1331 1191 1392 ab
1212 1350 1253 1392 eo
1276 1328 1374 1404 adeo,

311 1434 479 1518 quiprius
500 1451 571 1494 rem
590 1431 761 1496 bonafide
781 1433 992 1516 possederats
1035 1433 1112 1518 quie
1141 1431 1282 1496 victoria
1301 1449 1374 1492 non

312 1534 584 1617 exprobatione
611 1533 762 1618 petitoris
797 1546 940 1615 tantum,
982 1535 1044 1598 sed
1074 1555 1119 1598 ex
1153 1553 1194 1594 eo
1228 1531 1373 1618 pendet,

309 1647 421 1720 utrum
443 1637 600 1698 alterutra
620 1656 697 1718 pers
715 1639 859 1720 probare
879 1639 1001 1721 possit,
1023 1657 1094 1708 reus
1111 1635 1176 1700 sibi
1193 1635 1284 1717 prius
1299 1651 1375 1695 esse

309 1739 477 1818 traditam,
506 1747 540 1798 et
559 1739 662 1800 serius
684 1760 704 1800 u
723 1741 827 1802 malae
849 1740 929 1804 fidei
949 1759 1142 1822 possessore
1164 1738 1261 1800 alteri
1283 1736 1373 1818 perti

307 1839 474 1902 venditam
494 1839 565 1902 sire
586 1841 652 1901 alio
677 1859 721 1901 ex
744 1840 841 1903 titulo
864 1842 1026 1910 traditum.
1076 1840 1177 1915 Quod
1198 1840 1228 1904 si
1248 1839 1296 1900 sio
1315 1857 1373 1900 res

309 1939 519 2016 aeschines,
547 1942 654 2023 legem
672 1941 885 2005 Jusrrrsrsnus
908 1943 985 2005 tulit
1004 1964 1143 2028 prorsus
1169 1959 1372 2024 supervaca-

306 2063 417 2120 neam,
461 2045 517 2126 qui
542 2044 694 2106 absoluta
715 2044 845 2109 densum
866 2047 1064 2129 usucapione
1092 2043 1143 2106 rei
1165 2041 1371 2113 vindicatio-q

305 2166 380 2224 nem
400 2147 508 2208 bonae
530 2145 609 2208 fidei
631 2148 753 2208 emtori
772 2149 944 2215 concessit
989 2148 1077 2218 Sive,
1091 2145 1176 2208 enim
1198 2165 1269 2210 rein
1285 2163 1372 2208 usu-

306 2247 461 2330 cepisset,
497 2251 570 2310 sive
588 2267 657 2310 non
677 2249 880 2333 usuoepisset
899 2251 1041 2332 petitor,
1075 2247 1126 2310 rei
1145 2247 1375 2324 vindicatione
1474 2291 1475 2316 i

302 2349 479 2430 quominus
500 2359 666 2427 uteretur,
685 2365 764 2426 non
788 2361 873 2412 esset
894 2351 1138 2436 impediendus,
1167 2351 1243 2434 quis
1263 2346 1373 2412 tradi-

305 2458 372 2510 tsm
394 2468 466 2526 reus
488 2471 531 2514 ex
549 2449 637 2534 justa
653 2471 753 2514 osma
773 2459 909 2538 accepit.
953 2455 1020 2520 Sed
1041 2455 1140 2536 vide,
1160 2469 1255 2536 quem
1273 2448 1371 2532 peri·-

306 2551 458 2617 oulosuus
480 2554 539 2634 sit,
582 2563 698 2616 contra
722 2556 829 2636 legem
858 2560 1012 2643 scriptam
1043 2558 1220 2640 disputare.
1281 2552 1370 2616 Nam

233 2715 235 2719 ,
305 2649 520 2716 Jusrruurcs
539 2654 775 2718 constitutione
801 2659 934 2722 laudata
952 2681 1022 2726 non
1047 2661 1089 2722 de
1110 2679 1151 2720 eo
1177 2658 1286 2719 solum
1306 2655 1368 2716 lo-

306 2755 433 2835 quitur,
452 2757 628 2820 adversus
646 2758 796 2837 priorem
815 2759 985 2824 dominum
1004 2765 1110 2826 bonne
1130 2760 1209 2823 fidei
1228 2776 1370 2840 posses-

306 2857 377 2918 sori
401 2857 537 2939 irupleto
562 2860 829 2943 praescriptionis
853 2873 1002 2946 tempore
1027 2866 1079 2927 rei
1108 2860 1369 2927 vindicationem

305 2976 378 3019 esse
398 2961 659 3042 concedendam,
701 2964 761 3026 sed
787 2966 823 3028 iu
851 2968 1041 3028 uuiversum
1069 2966 1163 3028 nulla
1183 2961 1371 3024 adversarii

304 3058 433 3127 ratione
452 3060 563 3124 lrnbita
584 3065 679 3144 dicit,
694 3081 797 3146 posse
817 3085 892 3129 eum
914 3069 1076 3130 actionem
1090 3068 1211 3130 habere
1230 3063 1273 3124 ad
1291 3081 1368 3125 rem

303 3157 533 3224 vindicandam
554 3168 659 3250 spatio
683 3167 829 3248 legitinro
850 3170 1089 3252 praeterlapso.
1150 3166 1247 3250 Unde
1272 3175 1369 3248 patet

305 3266 380 3336 epte
400 3264 691 3344 praescriptionem
713 3269 897 3332 absolutam
915 3289 1025 3334 rensa
1050 3272 1156 3336 bonae
1180 3267 1265 3346 fidei
1278 3291 1368 3352 pos-

304 3379 434 3425 sessore
461 3364 577 3428 smissa
602 3368 811 3450 possessione
839 3391 908 3434 nou
936 3393 1036 3455 posse
1060 3373 1232 3438 vindicari.
1275 3370 1366 3454 Ergo

302 3462 353 3528 rei
373 3464 552 3530 vindicatio
572 3470 708 3554 ,duplex
727 3452 849 3535 hibere
879 3475 976 3538 debet
999 3475 1263 3560 fondamentum
1308 3489 1367 3543 sut

304 3565 390 3628 enim
411 3572 554 3636 auctoris
577 3573 742 3654 dominio,
767 3587 823 3638 sut
841 3579 1099 3663 praescriptione
1125 3579 1260 3661 impleta
1280 3581 1366 3642 niti·

302 3673 368 3726 tur.
406 3667 507 3742 Quod
523 3677 689 3755 quumits
709 3679 769 3756 sit,
799 3681 889 3742 omni
907 3682 1061 3762 profecto
1081 3683 1210 3746 actione
1232 3695 1367 3748 careret

300 3765 408 3828 bonne
428 3768 508 3834 fidei
536 3796 712 3858 possessor
733 3791 884 3863 tempore
912 3783 1058 3864 legitimo
1086 3783 1361 3866 nondum'prse-

301 3867 448 3949 terlspso
472 3874 514 3939 ed
539 3878 687 3940 amisson
707 3881 757 3944 rei
773 3882 1017 3963 possessionem
1036 3885 1307 3967 recuperandam,
1329 3890 1364 3952 si

301 3985 382 4032 vern
410 3986 495 4037 esset
522 3980 574 4040 rei
593 3982 831 4046 ‘vindicationis
867 3993 900 4044 et
928 3983 1136 4050 Publicianae
1171 3990 1309 4050 actionis
1337 4013 1361 4056 a

299 4064 498 4138 Jusrrrsouo
515 4079 601 4143 tacta
623 4087 786 4148 confusio.
837 4083 1151 4168 verumenimvero
1182 4111 1283 4171 quum
1300 4094 1359 4155 in-

294 4167 417 4248 iustum
440 4176 594 4258 sit,en1n
616 4187 705 4262 omni
727 4189 853 4251 acficus
868 4209 990 4273 carere,
1014 4191 1162 4273 quirem
1184 4195 1356 4280 vindicare

291 4279 484 4360 uonppssit
503 4293 578 4348 ante
599 4305 694 4374 quesn
706 4292 1113 4388 praescriptionistesnpus
1133 4298 1356 4382 praeterierit,
