2928 5068
1084 379 1183 498 sss

565 615 600 701 ι.
648 613 706 684 21:

197 751 365 818 Interdum
387 754 459 821 sola
480 755 646 837 possessio
669 741 847 844 deminum*
860 751 968 815 reddit
989 775 1163 837 possesso-

110 879 192 920 rem.
259 855 358 944 Quod
386 865 459 920 tum
482 857 535 948 fit,
578 877 683 938 quum·
703 856 773 939 quis
798 854 978 920 cautionem
999 849 1187 940 publicam.

107 961 266 1042 possidet.
329 957 455 1020 Etenim
488 951 601 1022 Edicto
628 959 659 1022 d.
689 961 721 1023 d.
761 959 820 1022 VI.
842 955 927 1034 Mai.
953 969 1051 1026 17722‘
1084 964 1108 1044 b.
1130 973 1161 1029 3.
1260 954 1263 960 ’

109 1065 158 1124 ιι
185 1064 271 1124 cont.
297 1061 371 1122 css.
393 1059 476 1144 Aeg.
499 1067 544 1132 ιι.
567 1070 640 1127 sss.
671 1073 703 1126 et
731 1045 889 1124 Mandas.
918 1063 949 1126 d.
973 1066 1005 1130 s.
1029 1053 1163 1132 xxva·

96 1167 188 1230 ,Iam
211 1166 307 1228 1775.
329 1166 375 1226 II.
401 1156 586 1231 ContsCod.
608 1167 692 1250 Aug.
714 1167 745 1227 I.
768 1169 843 1226 339.
864 1167 1029 1230 cautiones
1052 1171 1167 1252 publi..

113 1287 171 1328 cce
192 1265 452 1341 evindicatione
473 1269 508 1329 in
530 1268 673 1332 Saxonis
694 1278 840 1330 exemtee
869 1278 980 1346 suut‚·
1001 1272 1048 1334 ita
1066 1283 1104 1334 u't
1124 1295 1167 1336 ne

113 1368 227 1432 a'srrre
245 1369 376 1452 quidem
400 1377 438 1435 et.
454 1371 558 1444 malae
589 1371 668 1432 fidei
690 1377 889 1460 possessore
910 1371 1087 1448 ¹vindicare
1117 1395 1170 1439 eas
1199 1365 1203 1372 ¹

112 1467 210 1532 liceat
216 1515 230 1546 ,
275 1471 353 1548 etsi,
395 1469 451 1561 qui
473 1491 525 1533 eas
543 1472 710 1535 vindicare
730 1471 829 1552 velit,
870 1461 1051 1535 dominium
1069 1467 1170 1556 plene

111 1574 257 1651 probare
280 1573 408 1655 possit.
442 1599 446 1606 ·*
460 1573 570 1655 Itaque
605 1575 640 1636 in
675 1573 726 1635 his
765 1573 965 1637 csufionibus
1002 1578 1168 1658 possessio

114 1672 222 1736 auimo
247 1693 318 1736 rem
344 1676 406 1738 sibi
423 1675 564 1739 habendi
595 1675 785 1758 conjuncte
798 1675 875 1736 loco
907 1675 1081 1738 dominii
1070 1677 1172 1762 ipsius
1269 1711 1272 1717 ,

115 1782 184 1852 est,
212 1795 273 1838 nec
292 1777 363 1838 ulla
382 1777 471 1840 tituli
491 1778 688 1858 probatione
710 1798 730 1838 a
749 1788 843 1858 parte
864 1779 1069 1860 possessoris
1088 1801 1172 1862 opus

114 1886 173 1940 est
234 1875 306 1938 Neo
330 1897 413 1942 vero
442 1879 654 1960 prohibetur,
696 1879 753 1962 qui
787 1879 950 1963 ejusmodi
988 1871 1172 1946 cautionem

114 1977 238 2057 omisit,
278 1980 450 2061 quominus
471 1981 530 2042 vel
559 1982 767 2044 condictione
789 1983 913 2044 furtiva
936 1982 1093 2043 adversus
1114 1984 1172 2044 fu-

114 2101 187 2144 rem
212 2081 271 2144 vel
298 2081 369 2165 ejus
396 2080 534 2146 heredes
565 2084 623 2145 vel
644 2086 771 2146 actione
802 2081 873 2144 doli
895 2083 1052 2146 adversus
1070 2085 1175 2148 malae

115 2185 195 2246 fidei
213 2189 437 2270 possessorem
465 2186 652 2267 experiatur
681 2186 723 2247 ad
749 2185 784 2247 id
805 2184 895 2268 quod
916 2185 1053 2247 interest
1074 2207 1175 2268 prse-

116 2286 277 2350 standum.
322 2285 422 2360 Quod
445 2307 483 2348 ea
505 2298 613 2349 mente
632 2288 803 2370 legislator
826 2287 1009 2366 constituit,
1035 2297 1073 2350 ut
1095 2309 1176 2350 cau·

75 2364 226 2454 tiones
253 2388 399 2473 publicas
427 2390 583 2474 pecuniae
619 2397 804 2452 numeratae
846 2381 1041 2468 exaequaret
1075 2389 1175 2472 idque

120 2493 277 2573 efficeret,
318 2501 355 2554 ut
373 2492 412 2554 iis
436 2491 565 2571 eadem,
607 2511 690 2575 quae
716 2488 873 2578 pecuniae
898 2503 1050 2572 paratae,
1092 2491 1176 2556 fides

116 2593 303 2660 haberetur.
346 2593 445 2676 Atqui
467 2595 585 2657 exinde
605 2611 673 2657 non
693 2594 855 2675 sequitur,
892 2595 928 2657 in
949 2591 1093 2657 Saxonis
1113 2615 1177 2676 pe-

120 2698 413 2781 cuniam'parataru
436 2705 469 2758 et
486 2714 636 2758 nummos
666 2695 828 2758 vindicari
846 2695 945 2776 plene
976 2717 1045 2756 non
1065 2715 1177 2778 posse.

119 2797 236 2879 Neque
263 2819 301 2861 ea
321 2808 429 2862 mente
450 2800 671 2882 legislatorem
695 2795 846 2858 nostrum
876 2785 979 2858 fuisse
999 2808 1101 2884 puto,
1141 2807 1179 2858 ut

121 2899 377 2964 vindicationem
401 2913 624 2976 nummorum,
652 2899 680 2962 si
702 2901 738 2960 in
756 2907 873 2960 natura
892 2897 998 2960 adhuc
1019 2908 1180 2974 extarent,

122 3002 324 3084 prohiberet.
390 3002 547 3084 Alioquin
580 3003 665 3065 enim
694 3002 730 3065 id
753 2999 928 3085 perspicue
959 2999 1205 3086 significasset.'

122 3104 220 3167 Certe
244 3106 333 3189 quod
354 3106 428 3190 jure
449 3103 595 3167 Romano
625 3105 666 3166 de
688 3097 841 3167 nummis
857 3102 981 3164 tamdiu
1008 3093 1182 3164 vindican-

125 3205 176 3268 dis
197 3209 408 3272 constitutum
423 3218 492 3286 est,
521 3207 672 3289 quamdiu
694 3207 813 3284 abeo,
839 3205 909 3287 'qui
927 3225 986 3266 eos
1012 3205 1195 3295 acceperit„

125 3303 182 3371 cu't
204 3310 365 3376 consumti
385 3321 441 3374 aut
468 3329 541 3372 cum
569 3310 638 3393 ejus
667 3309 805 3374 nummis
827 3306 997 3369 commixti
1016 3325 1085 3366 non
1109 3304 1185 3382 sint,
1257 3305 1259 3311 ‘

124 3411 161 3474 iu
184 3410 327 3475 Saxonis
349 3433 506 3510 nusquam
526 3413 714 3491 abrogatum
736 3418 794 3470 est.
860 3405 909 3470 Cf.
938 3411 978 3468 L.
1011 3413 1062 3469 11.
1094 3405 1120 3486 §-
1151 3411 1184 3470 2.

127 3516 173 3577 D
195 3513 341 3575 derebus
364 3517 504 3576 creditis.
525 3507 593 3575 x11.
611 3520 638 3574 1.
662 3522 696 3573 et
715 3513 758 3575 L.
780 3517 834 3576 78.
855 3511 901 3574 D.
922 3509 960 3570 ds
981 3503 1185 3570 solutionibus

47 3687 51 3697 ,
128 3633 160 3682 et
194 3617 439 3681 liberationibus.
480 3612 606 3676 XLVI.
623 3621 654 3680 3.
704 3613 856 3678 Ceterum
886 3633 985 3697 quum
1013 3611 1185 3691 legislator

116 3731 247 3785 moster
266 3717 507 3782 condictionem
531 3717 687 3784 furtivam
706 3728 846 3800 propter
869 3716 1051 3778 cautionem
1073 3703 1189 3796 publi-

132 3845 204 3886 cem
226 3824 411 3904 subreptam
437 3829 563 3882 tantum
588 3830 704 3882 contre
729 3820 838 3882 iurem
863 3809 1085 3881 vel¹heredes
1115 3815 1187 3898 ejus
1234 3843 1250 3877 .-

131 3925 317 4007 indulgeet‚
358 3921 470 4006 quaeri
492 3922 597 3985 adhuc
615 3919 742 4006 potest,
783 3943 861 3985 num
883 3919 986 3988 malm
1007 3917 1090 3979 fidei·
1105 3937 1189 4000 pos·-

135 4049 263 4110 sessor,
311 4027 368 4110 qui
397 4047 416 4088 e
446 4027 521 4090 iure
553 4026 735 4090 cautionem
759 4021 954 4112 publicam,v
990 4020 1093 4082 sciens
1118 4033 1190 4078 esse

138 4131 296 4208 aberam,
342 4130 504 4216 acceperit
529 4129 617 4214 justo
653 4121 751 4190 titulo
781 4125 1020 4219 praecedente,
1058 4113 1188 4212 petione
1265 4211 1268 4218 Ι

139 4235 221 4298 furti
243 4221 405 4299 'sensatus
470 4229 734 4306 vindicationem·
761 4221 848 4296 'novi
883 4247 954 4294 esse
984 4219 1193 4309 prohibitam.
