2960 5064
1170 387 1195 456 7

135 581 265 646 samad
287 581 351 645 duo
371 580 533 664 rescripta
560 580 760 663 provocavit
787 580 885 644 titulo
907 580 1037 644 Codicis
1064 585 1103 647 de
1118 605 1195 668 pro·

134 687 311 751 dationibus
332 666 463 764 inserta,
484 683 575 769 eujus
596 681 684 746 tituli
707 684 918 767 inscriptione
942 705 1078 766 omnem,
1097 709 1193 770 qaam

134 787 176 849 de
197 795 384 868 argumento
408 787 526 850 fovere
545 786 616 870 quis
637 786 741 868 possit
748 776 769 862 ,’
784 795 877 867 putat
894 789 1061 850 removeri
1081 790 1192 871 auspi,

135 891 270 954 cionem.
309 891 421 954 Primo
443 890 520 952 loeo
549 891 589 951 L.
613 889 644 952 4.
670 891 702 952 G.
725 890 1029 972 depredationibus.
1058 889 1112 959 lv.
1135 899 1188 957 19.

131 989 314 1074 Imperator
339 991 540 1062 mersam
567 992 754 1075 rescripsits

174 1111 386 1192 Proprietatis
406 1112 580 1174 dominium
607 1134 670 1173 non
699 1115 825 1172 tantum
851 1116 1054 1176 instrumento
1083 1119 1190 1176 emtio-

174 1217 243 1287 nis,
270 1215 343 1276 *sed
360 1219 457 1277 etiam
478 1197 710 1301 quibuscunque
732 1217 807 1277 aliis
828 1219 978 1300 legitimis
992 1219 1190 1300 probationi-⁴

176 1316 235 1378 tus
255 1318 438 1380 ostenditur.
479 1365 483 1374 .

130 1453 276 1518 Secundo
297 1457 459 1539 rescripto
482 1447 962 1540 lmper'a'torumD1oenn'r1anr
985 1465 1018 1518 et
1035 1453 1191 1524 Manui«.

127 1575 188 1618 aru
209 1559 250 1618 L.
273 1565 324 1623 12.
351 1559 385 1620 C.
408 1557 473 1625 eod.
499 1557 578 1630 haee
604 1553 775 1640 leguntur:

173 1679 280 1763 Quum
300 1702 350 1741 res
370 1701 433 1740 non
450 1679 664 1739 instrumentis
681 1689 855 1760 gerantur,
898 1677 955 1740 aed
981 1681 1015 1740 in
1043 1677 1124 1740 leaeo
1144 1683 1192 1744 rei

169 1797 280 1866 gestae
305 1784 518 1844 testimonium
539 1779 738 1862 conferatur,
769 1781 903 1864 fastam
922 1783 1085 1844 emtionem
1106 1795 1137 1844 et
1155 1785 1192 1842 in

172 1909 311 1948 vacuam
326 1890 547 1968 possessionem
577 1881 741 1944 inductum
763 1896 890 1966 patrem
918 1898 1009 1946 tuum
1031 1893 1191 1972 pretium

176 2011 236 2072 que
258 2001 473 2070 numeratum,
512 1988 624 2070 quibus
641 2000 749 2071 potes,
778 1991 856 2068 jure
871 1988 1007 2071 proditis
1024 1979 1197 2070 probatio-v

174 2093 266 2152 nibus
298 2089 448 2157 deducere
477 2089 576 2160 debes,

10 2273 16 2290 .
128 2230 177 2291 Ae
197 2228 303 2311 primo
328 2228 460 2310 quidem
485 2226 564 2291 loeo
585 2229 660 2313 qaia
680 2217 897 2292 instrumento
920 2225 1081 2290 'emtionis
1107 2243 1193 2307 pro·.

130 2331 203 2392 bari
224 2319 321 2411 poos‘e
343 2329 522 2394 dominium
549 2331 685 2417 dieitur,
728 2331 870 2393 secundo
903 2341 1008 2392 autem
1031 2323 1195 2396 emtionis,
1277 2384 1279 2388 Α

130 2431 316 2494 traditionis
345 2439 378 2492 et
403 2433 507 2494 soluti
532 2433 631 2515 pretii
666 2440 789 2498 tantum
820 2433 973 2518 probatio
1002 2428 1195 2514 injungitur,

47 2555 51 2568 ·
131 2535 186 2596 ΙΙΙ.
205 2531 360 2595 Tmnanr
380 2554 450 2596 non
471 2533 617 2614 dubitat,
656 2537 735 2616 quin
757 2538 883 2617 petitor
916 2528 1194 2595 auetorisvdomi-

130 2637 221 2698 nium
241 2635 445 2697 monstrandi
463 2636 569 2698 officio
595 2638 784 2700 liberandus
808 2640 859 2702 sit.
919 2637 989 2700 Jam
1019 2642 1093 2694 ante
1122 2649 1196 2690 eum

132 2738 311 2799 leonnatus
330 2739 473 2800 seeundo
498 2739 661 2821 rescripto
682 2740 724 2800 de
745 2741 795 2802 rei
809 2729 1029 2805 vindidatione
1050 2734 1101 2814 agi
1115 2751 1197 2791 eon-

133 2838 250 2900 cessit:
292 2857 388 2918 quam
418 2840 480 2900 sibi
506 2827 554 2902 ita
581 2843 753 2922 cogitavit,
792 2853 831 2902 ut
851 2834 1197 2902 contra-venditorem

134 2961 205 3002 eam
226 2939 266 3001 ab
288 2947 414 2999 emtore
434 2940 612 3002 institutam
633 2942 732 3002 inisse
751 2943 980 3016 arbitraretur,
1002 2955 1101 3018 quum
1115 2953 1198 2993 eon·

133 3051 185 3116 tra
208 3055 281 3102 eum
304 3041 452 3122 quidem,
496 3059 560 3101 neo
584 3058 667 3101 vero
692 3049 806 3102 eontra
829 3040 928 3100 alium
952 3041 1004 3101 rei
1023 3045 1200 3119 possesso⁴

133 3165 204 3206 rem
236 3143 387 3206 emtionis
418 3144 670 3206 instrumentum
707 3141 749 3203 ad
777 3140 956 3202 dominium
990 3138 1199 3223 probandum

133 3245 280 3308 sufficere
299 3245 451 3326 plerique
478 3245 686 3307 Glossatores
714 3244 776 3306 eibi
797 3245 1042 3327 persuasissent.
1108 3239 1200 3312 Quae

134 3348 291 3408 Aocnnsu
311 3347 537 3427 interpretatio
564 3348 593 3408 si
612 3348 737 3428 placet,
781 3349 897 3408 eontra
924 3347 1092 3425 vulgarem
1121 3361 1199 3400 sen-

135 3449 269 3509 tentiam
290 3447 440 3529 depromi
457 3447 535 3508 inde
555 3447 640 3508 nihil
658 3457 779 3528 potest.
821 3448 904 3508 Nam
932 3446 1090 3506 adversus
1114 3461 1200 3504 ven-

140 3549 281 3609 ditorem
301 3555 430 3625 praeter
449 3547 696 3630 venditionem,
732 3548 942 3609 traditionem
970 3554 1002 3604 et
1023 3543 1122 3625 pretii
1142 3564 1200 3616 ao-

138 3648 301 3713 lutionem
322 3648 361 3708 ab
384 3655 509 3708 emtore
529 3629 666 3729 probnri
685 3647 770 3710 nihil
790 3655 917 3709 constet
940 3655 1106 3729 oportere,
1127 3643 1202 3726 quia

137 3753 207 3833 illi,
251 3759 284 3811 et
297 3750 335 3811 ‘si
355 3771 426 3812 rem
446 3747 583 3811 alienam
610 3751 777 3828 vendidit,
819 3760 927 3813 temen
949 3751 1000 3810 eui
1023 3749 1124 3831 ipsius
1149 3745 1228 3806 fa-·

141 3866 229 3918 ctum
250 3855 417 3932 nonlicet
437 3853 635 3935 impugnare.
669 3844 670 3848 ¹
699 3856 742 3916 At
771 3871 851 3918 vero
884 3854 946 3915 Cel.
968 3844 1203 3912 'lursinr're-

141 3959 298 4039 seriptum
319 3956 408 4018 istud
428 3956 469 4015 de
490 3955 540 4016 rei
552 3957 773 4038 vindicatione
795 3958 834 4018 ab
851 3967 975 4018 emtore
991 3964 1105 4016 eontra
1120 3970 1206 4012 ven·

142 4061 284 4122 ditorem
303 4057 450 4118 instituta
470 4058 613 4139 intelligi
638 4081 709 4122 non
733 4079 832 4142 posse
852 4069 941 4134 reete
960 4056 1094 4120 monuit.
1138 4051 1207 4112 Va·

145 4181 239 4222 enam
253 4143 348 4220 ¹enirn
372 4158 614 4240 possessionem
634 4163 791 4224 venditor
817 4171 982 4242 proestare
1014 4159 1112 4218 debet
1133 4157 1156 4216 is
1179 4175 1206 4219 e.

146 4271 328 4346 praestare,
349 4280 410 4324 neo
427 4281 488 4346 per
509 4283 561 4342 se,
587 4283 648 4326 nee
667 4284 728 4348 per
748 4284 825 4326 suos
841 4261 989 4343 ‚heredes
1009 4258 1098 4352 fieri,
1121 4280 1208 4342 qno·
