<?xml version="1.0" encoding="UTF-8"?>
<!DOCTYPE html PUBLIC "-//W3C//DTD XHTML 1.0 Transitional//EN"
    "http://www.w3.org/TR/xhtml1/DTD/xhtml1-transitional.dtd">
<html xmlns="http://www.w3.org/1999/xhtml" xml:lang="en" lang="en">
 <head>
  <title>
</title>
<meta http-equiv="Content-Type" content="text/html;charset=utf-8" />
  <meta name='ocr-system' content='tesseract 3.04.00' />
  <meta name='ocr-capabilities' content='ocr_page ocr_carea ocr_par ocr_line ocrx_word'/>
</head>
<body>
  <div class='ocr_page' id='page_1' title='image "./dedominiiprobat00heimgoog/dedominiiprobat00heimgoog_0096.png"; bbox 0 0 2928 5068; ppageno 0'>
   <div class='ocr_carea' id='block_1_1' title="bbox 1088 409 1140 494">
    <p class='ocr_par' dir='ltr' id='par_1_1' title="bbox 1088 409 1140 494">
     <span class='ocr_line' id='line_1_1' title="bbox 1088 409 1140 494; baseline 0 0"><span class='ocrx_word' id='word_1_1' title='bbox 1088 409 1140 494; x_wconf 80' lang='lat'><strong>79</strong></span> 
     </span>
    </p>
   </div>
   <div class='ocr_carea' id='block_1_2' title="bbox 68 602 1142 2231">
    <p class='ocr_par' dir='ltr' id='par_1_2' title="bbox 68 602 1142 2231">
     <span class='ocr_line' id='line_1_2' title="bbox 73 602 1140 700; baseline -0.007 -19"><span class='ocrx_word' id='word_1_2' title='bbox 73 618 220 682; x_wconf 84' lang='lat' dir='ltr'><strong>videtur</strong></span> <span class='ocrx_word' id='word_1_3' title='bbox 234 615 385 680; x_wconf 81' lang='lat' dir='ltr'><strong>habuisse</strong></span> <span class='ocrx_word' id='word_1_4' title='bbox 403 616 589 682; x_wconf 58' lang='lat' dir='ltr'><strong>‘marimum</strong></span> <span class='ocrx_word' id='word_1_5' title='bbox 638 602 746 698; x_wconf 65' lang='lat' dir='ltr'><strong>Atau&#39;e</strong></span> <span class='ocrx_word' id='word_1_6' title='bbox 763 616 836 700; x_wconf 84' lang='lat' dir='ltr'><strong>ipss</strong></span> <span class='ocrx_word' id='word_1_7' title='bbox 854 630 962 680; x_wconf 79' lang='lat' dir='ltr'><strong>novus</strong></span> <span class='ocrx_word' id='word_1_8' title='bbox 984 611 1140 682; x_wconf 79' lang='lat' dir='ltr'><strong>Vindice.</strong></span> 
     </span>
     <span class='ocr_line' id='line_1_3' title="bbox 70 718 1141 802; baseline 0.004 -20"><span class='ocrx_word' id='word_1_9' title='bbox 70 722 179 783; x_wconf 89' lang='lat' dir='ltr'><strong>tionis</strong></span> <span class='ocrx_word' id='word_1_10' title='bbox 199 721 340 802; x_wconf 81' lang='lat' dir='ltr'><strong>indoles,</strong></span> <span class='ocrx_word' id='word_1_11' title='bbox 360 721 432 782; x_wconf 89' lang='lat' dir='ltr'><strong>sive</strong></span> <span class='ocrx_word' id='word_1_12' title='bbox 448 721 628 783; x_wconf 64' lang='lat' dir='ltr'><strong>‘formulam</strong></span> <span class='ocrx_word' id='word_1_13' title='bbox 640 718 828 802; x_wconf 85' lang='lat' dir='ltr'><strong>petitoriam</strong></span> <span class='ocrx_word' id='word_1_14' title='bbox 843 719 1049 801; x_wconf 78' lang='lat' dir='ltr'><strong>spectaverit,</strong></span> <span class='ocrx_word' id='word_1_15' title='bbox 1069 723 1141 786; x_wconf 83' lang='lat' dir='ltr'><strong>sire</strong></span> 
     </span>
     <span class='ocr_line' id='line_1_4' title="bbox 70 823 1140 906; baseline 0.004 -22"><span class='ocrx_word' id='word_1_16' title='bbox 70 823 241 885; x_wconf 82' lang='lat' dir='ltr'><strong>actioneni</strong></span> <span class='ocrx_word' id='word_1_17' title='bbox 260 823 296 885; x_wconf 92' lang='lat' dir='ltr'><strong>in</strong></span> <span class='ocrx_word' id='word_1_18' title='bbox 312 844 385 885; x_wconf 88' lang='lat' dir='ltr'><strong>rem</strong></span> <span class='ocrx_word' id='word_1_19' title='bbox 406 843 469 906; x_wconf 89' lang='lat' dir='ltr'><strong>per</strong></span> <span class='ocrx_word' id='word_1_20' title='bbox 489 823 710 906; x_wconf 69' lang='lat' dir='ltr'>sponsionem,</span> <span class='ocrx_word' id='word_1_21' title='bbox 730 827 920 902; x_wconf 83' lang='lat' dir='ltr'><strong>argumento</strong></span> <span class='ocrx_word' id='word_1_22' title='bbox 940 830 1000 900; x_wconf 80' lang='lat' dir='ltr'><strong>est,</strong></span> <span class='ocrx_word' id='word_1_23' title='bbox 1020 827 1140 889; x_wconf 84' lang='lat' dir='ltr'><strong>sensim</strong></span> 
     </span>
     <span class='ocr_line' id='line_1_5' title="bbox 71 923 1140 1006; baseline 0.006 -20"><span class='ocrx_word' id='word_1_24' title='bbox 71 925 263 1006; x_wconf 79' lang='lat' dir='ltr'>sensimque</span> <span class='ocrx_word' id='word_1_25' title='bbox 276 927 486 989; x_wconf 82' lang='lat' dir='ltr'><strong>mutationem</strong></span> <span class='ocrx_word' id='word_1_26' title='bbox 504 924 688 1006; x_wconf 80' lang='lat' dir='ltr'><strong>contigisse.</strong></span> <span class='ocrx_word' id='word_1_27' title='bbox 710 923 748 986; x_wconf 90' lang='lat' dir='ltr'><strong>ln</strong></span> <span class='ocrx_word' id='word_1_28' title='bbox 759 932 897 1004; x_wconf 83' lang='lat' dir='ltr'><strong>utraque</strong></span> <span class='ocrx_word' id='word_1_29' title='bbox 914 923 998 984; x_wconf 89' lang='lat' dir='ltr'><strong>euim</strong></span> <span class='ocrx_word' id='word_1_30' title='bbox 1014 929 1140 992; x_wconf 79' lang='lat' dir='ltr'><strong>actione</strong></span> 
     </span>
     <span class='ocr_line' id='line_1_6' title="bbox 72 1023 1141 1110; baseline 0.004 -22"><span class='ocrx_word' id='word_1_31' title='bbox 72 1027 264 1088; x_wconf 81' lang='lat' dir='ltr'><strong>excolende</strong></span> <span class='ocrx_word' id='word_1_32' title='bbox 279 1026 413 1088; x_wconf 78' lang='lat' dir='ltr'><strong>Praeter</strong></span> <span class='ocrx_word' id='word_1_33' title='bbox 436 1028 642 1110; x_wconf 87' lang='lat' dir='ltr'><strong>potissimum</strong></span> <span class='ocrx_word' id='word_1_34' title='bbox 664 1027 798 1090; x_wconf 80' lang='lat' dir='ltr'><strong>videtur</strong></span> <span class='ocrx_word' id='word_1_35' title='bbox 821 1023 1016 1106; x_wconf 81' lang='lat' dir='ltr'><strong>elaborasse,</strong></span> <span class='ocrx_word' id='word_1_36' title='bbox 1035 1049 1141 1110; x_wconf 85' lang='lat' dir='ltr'><strong>quem,</strong></span> 
     </span>
     <span class='ocr_line' id='line_1_7' title="bbox 70 1126 1141 1211; baseline 0.007 -23"><span class='ocrx_word' id='word_1_37' title='bbox 70 1147 289 1210; x_wconf 79' lang='lat' dir='ltr'><strong>quaecunque</strong></span> <span class='ocrx_word' id='word_1_38' title='bbox 312 1129 542 1209; x_wconf 78' lang='lat' dir='ltr'><strong>constitueret,</strong></span> <span class='ocrx_word' id='word_1_39' title='bbox 569 1130 725 1211; x_wconf 77' lang='lat' dir='ltr'><strong>paulatim</strong></span> <span class='ocrx_word' id='word_1_40' title='bbox 751 1134 879 1190; x_wconf 76' lang='lat' dir='ltr'><strong>constat</strong></span> <span class='ocrx_word' id='word_1_41' title='bbox 906 1126 1141 1198; x_wconf 79' lang='lat' dir='ltr'><strong>introduxisse.</strong></span> 
     </span>
     <span class='ocr_line' id='line_1_8' title="bbox 68 1228 1139 1314; baseline 0.007 -23"><span class='ocrx_word' id='word_1_42' title='bbox 68 1229 123 1293; x_wconf 87' lang='lat' dir='ltr'><strong>De</strong></span> <span class='ocrx_word' id='word_1_43' title='bbox 154 1250 253 1292; x_wconf 80' lang='lat' dir='ltr'><strong>cause</strong></span> <span class='ocrx_word' id='word_1_44' title='bbox 278 1231 376 1314; x_wconf 84' lang='lat' dir='ltr'><strong>hujus</strong></span> <span class='ocrx_word' id='word_1_45' title='bbox 405 1232 592 1294; x_wconf 80' lang='lat' dir='ltr'><strong>mutationis</strong></span> <span class='ocrx_word' id='word_1_46' title='bbox 619 1233 704 1294; x_wconf 85' lang='lat' dir='ltr'><strong>nihil</strong></span> <span class='ocrx_word' id='word_1_47' title='bbox 733 1229 815 1293; x_wconf 88' lang='lat' dir='ltr'><strong>certi</strong></span> <span class='ocrx_word' id='word_1_48' title='bbox 843 1228 991 1309; x_wconf 86' lang='lat' dir='ltr'><strong>proferri</strong></span> <span class='ocrx_word' id='word_1_49' title='bbox 1017 1243 1139 1314; x_wconf 83' lang='lat' dir='ltr'><strong>potest.</strong></span> 
     </span>
     <span class='ocr_line' id='line_1_9' title="bbox 69 1330 1142 1416; baseline 0.005 -24"><span class='ocrx_word' id='word_1_50' title='bbox 69 1330 234 1411; x_wconf 78' lang='lat' dir='ltr'><strong>Multum,</strong></span> <span class='ocrx_word' id='word_1_51' title='bbox 261 1343 300 1400; x_wconf 86' lang='lat' dir='ltr'><strong>ut</strong></span> <span class='ocrx_word' id='word_1_52' title='bbox 321 1334 461 1416; x_wconf 86' lang='lat' dir='ltr'><strong>opinor,</strong></span> <span class='ocrx_word' id='word_1_53' title='bbox 488 1333 626 1402; x_wconf 82' lang='lat' dir='ltr'><strong>dominii</strong></span> <span class='ocrx_word' id='word_1_54' title='bbox 646 1331 803 1398; x_wconf 81' lang='lat' dir='ltr'><strong>bonitsrii</strong></span> <span class='ocrx_word' id='word_1_55' title='bbox 825 1337 863 1408; x_wconf 76' lang='lat' dir='ltr'><strong>et</strong></span> <span class='ocrx_word' id='word_1_56' title='bbox 877 1330 1083 1397; x_wconf 84' lang='lat' dir='ltr'><strong>Publicianae</strong></span> <span class='ocrx_word' id='word_1_57' title='bbox 1106 1339 1142 1400; x_wconf 88' lang='lat' dir='ltr'><strong>in</strong></span> 
     </span>
     <span class='ocr_line' id='line_1_10' title="bbox 70 1433 1142 1506; baseline 0.007 -11"><span class='ocrx_word' id='word_1_58' title='bbox 70 1453 145 1500; x_wconf 83' lang='lat' dir='ltr'><strong>rem</strong></span> <span class='ocrx_word' id='word_1_59' title='bbox 171 1434 307 1506; x_wconf 69' lang='lat' dir='ltr'><strong>actionn</strong></span> <span class='ocrx_word' id='word_1_60' title='bbox 327 1435 529 1504; x_wconf 81' lang='lat' dir='ltr'><strong>introductio</strong></span> <span class='ocrx_word' id='word_1_61' title='bbox 545 1436 587 1498; x_wconf 83' lang='lat' dir='ltr'><strong>ud</strong></span> <span class='ocrx_word' id='word_1_62' title='bbox 608 1455 678 1498; x_wconf 83' lang='lat' dir='ltr'><strong>eum</strong></span> <span class='ocrx_word' id='word_1_63' title='bbox 691 1435 840 1498; x_wconf 82' lang='lat' dir='ltr'><strong>attulisse</strong></span> <span class='ocrx_word' id='word_1_64' title='bbox 854 1433 997 1498; x_wconf 87' lang='lat' dir='ltr'><strong>videtur.</strong></span> <span class='ocrx_word' id='word_1_65' title='bbox 1037 1435 1142 1502; x_wconf 86' lang='lat' dir='ltr'><strong>Utro·</strong></span> 
     </span>
     <span class='ocr_line' id='line_1_11' title="bbox 70 1535 1142 1622; baseline 0.006 -26"><span class='ocrx_word' id='word_1_66' title='bbox 70 1555 138 1616; x_wconf 84' lang='lat' dir='ltr'><strong>que</strong></span> <span class='ocrx_word' id='word_1_67' title='bbox 164 1537 251 1599; x_wconf 89' lang='lat' dir='ltr'><strong>euim</strong></span> <span class='ocrx_word' id='word_1_68' title='bbox 273 1535 423 1599; x_wconf 85' lang='lat' dir='ltr'><strong>instituto</strong></span> <span class='ocrx_word' id='word_1_69' title='bbox 447 1538 557 1620; x_wconf 73' lang='lat' dir='ltr'><strong>agnito</strong></span> <span class='ocrx_word' id='word_1_70' title='bbox 585 1536 658 1600; x_wconf 90' lang='lat' dir='ltr'><strong>fieri</strong></span> <span class='ocrx_word' id='word_1_71' title='bbox 686 1545 833 1622; x_wconf 83' lang='lat' dir='ltr'><strong>poterat,</strong></span> <span class='ocrx_word' id='word_1_72' title='bbox 865 1545 903 1598; x_wconf 89' lang='lat' dir='ltr'><strong>ut</strong></span> <span class='ocrx_word' id='word_1_73' title='bbox 929 1539 1017 1622; x_wconf 82' lang='lat' dir='ltr'><strong>juste</strong></span> <span class='ocrx_word' id='word_1_74' title='bbox 1043 1549 1142 1602; x_wconf 81' lang='lat' dir='ltr'><strong>cautu</strong></span> 
     </span>
     <span class='ocr_line' id='line_1_12' title="bbox 71 1636 1140 1724; baseline 0.007 -28"><span class='ocrx_word' id='word_1_75' title='bbox 71 1636 145 1717; x_wconf 89' lang='lat' dir='ltr'><strong>quis</strong></span> <span class='ocrx_word' id='word_1_76' title='bbox 169 1657 241 1700; x_wconf 88' lang='lat' dir='ltr'><strong>rem</strong></span> <span class='ocrx_word' id='word_1_77' title='bbox 263 1639 469 1721; x_wconf 83' lang='lat' dir='ltr'><strong>possideret,</strong></span> <span class='ocrx_word' id='word_1_78' title='bbox 497 1660 558 1704; x_wconf 79' lang='lat' dir='ltr'><strong>nec</strong></span> <span class='ocrx_word' id='word_1_79' title='bbox 578 1659 661 1702; x_wconf 88' lang='lat' dir='ltr'><strong>vero</strong></span> <span class='ocrx_word' id='word_1_80' title='bbox 685 1659 755 1701; x_wconf 84' lang='lat' dir='ltr'><strong>eam</strong></span> <span class='ocrx_word' id='word_1_81' title='bbox 784 1659 826 1700; x_wconf 83' lang='lat' dir='ltr'><strong>ex</strong></span> <span class='ocrx_word' id='word_1_82' title='bbox 855 1639 930 1724; x_wconf 86' lang='lat' dir='ltr'><strong>jure</strong></span> <span class='ocrx_word' id='word_1_83' title='bbox 962 1640 1140 1716; x_wconf 81' lang='lat' dir='ltr'><strong>Quiritium</strong></span> 
     </span>
     <span class='ocr_line' id='line_1_13' title="bbox 71 1739 1140 1826; baseline 0.006 -28"><span class='ocrx_word' id='word_1_84' title='bbox 71 1759 167 1800; x_wconf 85' lang='lat' dir='ltr'><strong>suem</strong></span> <span class='ocrx_word' id='word_1_85' title='bbox 182 1739 438 1826; x_wconf 23' lang='lat' dir='ltr'><strong>dicere&#39;posset·</strong></span> <span class='ocrx_word' id='word_1_86' title='bbox 469 1739 563 1802; x_wconf 85' lang='lat' dir='ltr'><strong>Unde</strong></span> <span class='ocrx_word' id='word_1_87' title='bbox 576 1742 723 1824; x_wconf 86' lang='lat' dir='ltr'><strong>iniquum</strong></span> <span class='ocrx_word' id='word_1_88' title='bbox 737 1741 864 1821; x_wconf 79' lang='lat' dir='ltr'><strong>fuisset,</strong></span> <span class='ocrx_word' id='word_1_89' title='bbox 886 1742 1049 1826; x_wconf 83' lang='lat' dir='ltr'><strong>ejusmodi</strong></span> <span class='ocrx_word' id='word_1_90' title='bbox 1058 1765 1140 1826; x_wconf 84' lang='lat' dir='ltr'><strong>por-</strong></span> 
     </span>
     <span class='ocr_line' id='line_1_14' title="bbox 72 1841 1140 1928; baseline 0.006 -28"><span class='ocrx_word' id='word_1_91' title='bbox 72 1857 250 1919; x_wconf 84' lang='lat' dir='ltr'><strong>sessorem,</strong></span> <span class='ocrx_word' id='word_1_92' title='bbox 271 1845 417 1923; x_wconf 87' lang='lat' dir='ltr'><strong>quirem</strong></span> <span class='ocrx_word' id='word_1_93' title='bbox 441 1841 476 1902; x_wconf 87' lang='lat' dir='ltr'><strong>in</strong></span> <span class='ocrx_word' id='word_1_94' title='bbox 498 1843 593 1905; x_wconf 89' lang='lat' dir='ltr'><strong>bouis</strong></span> <span class='ocrx_word' id='word_1_95' title='bbox 615 1844 763 1922; x_wconf 84' lang='lat' dir='ltr'><strong>habebut,</strong></span> <span class='ocrx_word' id='word_1_96' title='bbox 786 1853 843 1906; x_wconf 82' lang='lat' dir='ltr'><strong>eut</strong></span> <span class='ocrx_word' id='word_1_97' title='bbox 863 1845 1035 1906; x_wconf 86' lang='lat' dir='ltr'><strong>bonafide</strong></span> <span class='ocrx_word' id='word_1_98' title='bbox 1056 1867 1140 1928; x_wconf 84' lang='lat' dir='ltr'><strong>pos-</strong></span> 
     </span>
     <span class='ocr_line' id='line_1_15' title="bbox 72 1939 1140 2019; baseline 0.01 -17"><span class='ocrx_word' id='word_1_99' title='bbox 72 1939 223 2019; x_wconf 82' lang='lat' dir='ltr'><strong>sidebat,</strong></span> <span class='ocrx_word' id='word_1_100' title='bbox 245 1947 296 2006; x_wconf 87' lang='lat' dir='ltr'><strong>rei</strong></span> <span class='ocrx_word' id='word_1_101' title='bbox 316 1943 537 2006; x_wconf 79' lang='lat' dir='ltr'><strong>vindicatione</strong></span> <span class='ocrx_word' id='word_1_102' title='bbox 567 1943 716 2008; x_wconf 75' lang='lat' dir='ltr'><strong>institute</strong></span> <span class='ocrx_word' id='word_1_103' title='bbox 737 1945 778 2008; x_wconf 85' lang='lat' dir='ltr'><strong>sd</strong></span> <span class='ocrx_word' id='word_1_104' title='bbox 794 1946 1140 2014; x_wconf 80' lang='lat' dir='ltr'><strong>contravindicenduur</strong></span> 
     </span>
     <span class='ocr_line' id='line_1_16' title="bbox 72 2043 1140 2133; baseline 0.011 -31"><span class='ocrx_word' id='word_1_105' title='bbox 72 2043 166 2124; x_wconf 80' lang='lat' dir='ltr'><strong>cogi,</strong></span> <span class='ocrx_word' id='word_1_106' title='bbox 189 2044 211 2104; x_wconf 84' lang='lat' dir='ltr'><strong>i.</strong></span> <span class='ocrx_word' id='word_1_107' title='bbox 234 2064 262 2107; x_wconf 88' lang='lat' dir='ltr'><strong>e.</strong></span> <span class='ocrx_word' id='word_1_108' title='bbox 284 2043 326 2106; x_wconf 80' lang='lat' dir='ltr'><strong>ud</strong></span> <span class='ocrx_word' id='word_1_109' title='bbox 347 2044 527 2122; x_wconf 84' lang='lat' dir='ltr'><strong>dominium</strong></span> <span class='ocrx_word' id='word_1_110' title='bbox 555 2045 700 2128; x_wconf 87' lang='lat' dir='ltr'><strong>ejusdem</strong></span> <span class='ocrx_word' id='word_1_111' title='bbox 722 2047 774 2110; x_wconf 90' lang='lat' dir='ltr'><strong>rei</strong></span> <span class='ocrx_word' id='word_1_112' title='bbox 793 2063 837 2110; x_wconf 77' lang='lat' dir='ltr'><strong>&#39;ex</strong></span> <span class='ocrx_word' id='word_1_113' title='bbox 856 2048 932 2133; x_wconf 82' lang='lat' dir='ltr'><strong>jure</strong></span> <span class='ocrx_word' id='word_1_114' title='bbox 964 2049 1140 2126; x_wconf 86' lang='lat' dir='ltr'><strong>Quiritium</strong></span> 
     </span>
     <span class='ocr_line' id='line_1_17' title="bbox 73 2145 729 2231; baseline 0.009 -25"><span class='ocrx_word' id='word_1_115' title='bbox 73 2145 135 2209; x_wconf 87' lang='lat' dir='ltr'><strong>sibi</strong></span> <span class='ocrx_word' id='word_1_116' title='bbox 160 2145 374 2214; x_wconf 82' lang='lat' dir='ltr'><strong>tribuendum</strong></span> <span class='ocrx_word' id='word_1_117' title='bbox 393 2146 493 2231; x_wconf 84' lang='lat' dir='ltr'><strong>idque</strong></span> <span class='ocrx_word' id='word_1_118' title='bbox 513 2149 729 2231; x_wconf 82' lang='lat' dir='ltr'><strong>probandum.</strong></span> 
     </span>
    </p>
   </div>
   <div class='ocr_carea' id='block_1_3' title="bbox 565 2285 714 2426">
    <p class='ocr_par' dir='ltr' id='par_1_3' title="bbox 565 2285 714 2426">
     <span class='ocr_line' id='line_1_18' title="bbox 565 2285 714 2426; baseline 0.007 0"><span class='ocrx_word' id='word_1_119' title='bbox 565 2285 714 2426; x_wconf 59' lang='lat' dir='ltr'><strong>ur!</strong></span> 
     </span>
    </p>
   </div>
   <div class='ocr_carea' id='block_1_4' title="bbox 74 2453 1142 2745">
    <p class='ocr_par' dir='ltr' id='par_1_4' title="bbox 74 2453 1142 2745">
     <span class='ocr_line' id='line_1_19' title="bbox 162 2453 1142 2548; baseline 0.006 -32"><span class='ocrx_word' id='word_1_120' title='bbox 162 2453 220 2517; x_wconf 81' lang='lat' dir='ltr'><strong>Sic</strong></span> <span class='ocrx_word' id='word_1_121' title='bbox 242 2453 377 2520; x_wconf 82' lang='lat' dir='ltr'><strong>tandem</strong></span> <span class='ocrx_word' id='word_1_122' title='bbox 399 2477 440 2520; x_wconf 88' lang='lat' dir='ltr'><strong>eo</strong></span> <span class='ocrx_word' id='word_1_123' title='bbox 463 2469 599 2522; x_wconf 84' lang='lat' dir='ltr'><strong>ventum</strong></span> <span class='ocrx_word' id='word_1_124' title='bbox 623 2468 692 2543; x_wconf 85' lang='lat' dir='ltr'><strong>est,</strong></span> <span class='ocrx_word' id='word_1_125' title='bbox 718 2469 758 2524; x_wconf 84' lang='lat' dir='ltr'><strong>ut</strong></span> <span class='ocrx_word' id='word_1_126' title='bbox 775 2480 948 2543; x_wconf 86' lang='lat' dir='ltr'><strong>possessor</strong></span> <span class='ocrx_word' id='word_1_127' title='bbox 966 2461 1074 2548; x_wconf 85' lang='lat' dir='ltr'><strong>neque</strong></span> <span class='ocrx_word' id='word_1_128' title='bbox 1093 2468 1142 2532; x_wconf 80' lang='lat' dir='ltr'><strong>tt.</strong></span> 
     </span>
     <span class='ocr_line' id='line_1_20' title="bbox 75 2559 1140 2656; baseline 0.009 -34"><span class='ocrx_word' id='word_1_129' title='bbox 75 2561 185 2622; x_wconf 86' lang='lat' dir='ltr'><strong>tulum</strong></span> <span class='ocrx_word' id='word_1_130' title='bbox 205 2559 561 2640; x_wconf 79' lang='lat' dir='ltr'><strong>possessionisdicere</strong></span> <span class='ocrx_word' id='word_1_131' title='bbox 589 2583 695 2644; x_wconf 87' lang='lat' dir='ltr'><strong>neque</strong></span> <span class='ocrx_word' id='word_1_132' title='bbox 724 2565 870 2647; x_wconf 80' lang='lat' dir='ltr'><strong>probare</strong></span> <span class='ocrx_word' id='word_1_133' title='bbox 905 2579 1080 2656; x_wconf 82' lang='lat' dir='ltr'><strong>cogeretur</strong></span> <span class='ocrx_word' id='word_1_134' title='bbox 1107 2582 1140 2632; x_wconf 88' lang='lat' dir='ltr'><strong>et</strong></span> 
     </span>
     <span class='ocr_line' id='line_1_21' title="bbox 74 2660 1139 2745; baseline 0.011 -23"><span class='ocrx_word' id='word_1_135' title='bbox 74 2663 107 2730; x_wconf 85' lang='lat' dir='ltr'><strong>in</strong></span> <span class='ocrx_word' id='word_1_136' title='bbox 128 2660 311 2742; x_wconf 87' lang='lat' dir='ltr'><strong>petitorem</strong></span> <span class='ocrx_word' id='word_1_137' title='bbox 333 2663 441 2722; x_wconf 86' lang='lat' dir='ltr'><strong>solmn</strong></span> <span class='ocrx_word' id='word_1_138' title='bbox 462 2663 777 2744; x_wconf 78' lang='lat' dir='ltr'><strong>probatio&#39;dominii</strong></span> <span class='ocrx_word' id='word_1_139' title='bbox 803 2668 844 2728; x_wconf 83' lang='lat' dir='ltr'><strong>ab</strong></span> <span class='ocrx_word' id='word_1_140' title='bbox 869 2670 1139 2745; x_wconf 74' lang='lat' dir='ltr'><strong>edversarioue-</strong></span> 
     </span>
    </p>
   </div>
   <div class='ocr_carea' id='block_1_5' title="bbox 75 2762 1138 2948">
    <p class='ocr_par' dir='ltr' id='par_1_5' title="bbox 75 2762 1138 2948">
     <span class='ocr_line' id='line_1_22' title="bbox 75 2762 1138 2862; baseline 0.01 -36"><span class='ocrx_word' id='word_1_141' title='bbox 75 2765 138 2845; x_wconf 77' lang='lat' dir='ltr'><strong>goti</strong></span> <span class='ocrx_word' id='word_1_142' title='bbox 164 2762 413 2827; x_wconf 83' lang='lat' dir='ltr'><strong>devolveretur.</strong></span> <span class='ocrx_word' id='word_1_143' title='bbox 458 2765 559 2862; x_wconf 66' lang='lat' dir='ltr'><strong>Quod</strong></span> <span class='ocrx_word' id='word_1_144' title='bbox 585 2769 739 2852; x_wconf 87' lang='lat' dir='ltr'><strong>pluribus</strong></span> <span class='ocrx_word' id='word_1_145' title='bbox 756 2768 916 2852; x_wconf 85' lang='lat' dir='ltr'><strong>Corporis</strong></span> <span class='ocrx_word' id='word_1_146' title='bbox 937 2768 1026 2836; x_wconf 85' lang='lat' dir='ltr'><strong>Juris</strong></span> <span class='ocrx_word' id='word_1_147' title='bbox 1053 2775 1138 2836; x_wconf 87' lang='lat' dir='ltr'><strong>locis</strong></span> 
     </span>
     <span class='ocr_line' id='line_1_23' title="bbox 75 2866 399 2948; baseline -0.006 -20"><span class='ocrx_word' id='word_1_148' title='bbox 75 2867 253 2948; x_wconf 80' lang='lat' dir='ltr'><strong>probatur,</strong></span> <span class='ocrx_word' id='word_1_149' title='bbox 283 2866 399 2934; x_wconf 85' lang='lat' dir='ltr'><strong>veluti.</strong></span> 
     </span>
    </p>
   </div>
   <div class='ocr_carea' id='block_1_6' title="bbox 166 2987 1137 3177">
    <p class='ocr_par' dir='ltr' id='par_1_6' title="bbox 166 2968 1137 3177">
     <span class='ocr_line' id='line_1_24' title="bbox 166 2987 1137 3094; baseline 0.008 -26"><span class='ocrx_word' id='word_1_150' title='bbox 166 3009 197 3068; x_wconf 90' lang='lat'><strong>1.</strong></span> <span class='ocrx_word' id='word_1_151' title='bbox 240 3005 282 3066; x_wconf 78' lang='lat' dir='ltr'><strong>L.</strong></span> <span class='ocrx_word' id='word_1_152' title='bbox 306 3009 337 3070; x_wconf 78' lang='grc'><strong>5.</strong></span> <span class='ocrx_word' id='word_1_153' title='bbox 354 3029 408 3088; x_wconf 89' lang='lat' dir='ltr'><strong>pr.</strong></span> <span class='ocrx_word' id='word_1_154' title='bbox 427 3007 473 3078; x_wconf 83' lang='lat' dir='ltr'><strong>D.</strong></span> <span class='ocrx_word' id='word_1_155' title='bbox 492 3008 523 3066; x_wconf 90' lang='lat' dir='ltr'><strong>si</strong></span> <span class='ocrx_word' id='word_1_156' title='bbox 541 2987 743 3094; x_wconf 71' lang='lat' dir='ltr'><strong>ususfructus</strong></span> <span class='ocrx_word' id='word_1_157' title='bbox 763 3021 899 3094; x_wconf 76' lang='lat' dir='ltr'><strong>petetur.</strong></span> <span class='ocrx_word' id='word_1_158' title='bbox 922 3008 992 3074; x_wconf 82' lang='lat' dir='ltr'><strong>VII.</strong></span> <span class='ocrx_word' id='word_1_159' title='bbox 1013 3018 1044 3078; x_wconf 86' lang='grc'><strong>6.</strong></span> <span class='ocrx_word' id='word_1_160' title='bbox 1066 2997 1137 3075; x_wconf 80' lang='lat' dir='ltr'><strong>Ut.-</strong></span> 
     </span>
     <span class='ocr_line' id='line_1_25' title="bbox 205 3109 769 3177; baseline 0.011 -6"><span class='ocrx_word' id='word_1_161' title='bbox 205 3127 322 3173; x_wconf 80' lang='lat' dir='ltr'><strong>rtsuus</strong></span> <span class='ocrx_word' id='word_1_162' title='bbox 351 3109 519 3177; x_wconf 86' lang='lat' dir='ltr'><strong>Libr017.</strong></span> <span class='ocrx_word' id='word_1_163' title='bbox 544 3111 587 3174; x_wconf 82' lang='lat' dir='ltr'><strong>ed</strong></span> <span class='ocrx_word' id='word_1_164' title='bbox 610 3109 769 3176; x_wconf 86' lang='lat' dir='ltr'><strong>Edictum.</strong></span> 
     </span>
    </p>
   </div>
   <div class='ocr_carea' id='block_1_7' title="bbox 115 3225 1179 4376">
    <p class='ocr_par' dir='ltr' id='par_1_7' title="bbox 115 3225 1179 4376">
     <span class='ocr_line' id='line_1_26' title="bbox 126 3225 1139 3338; baseline 0.008 -28"><span class='ocrx_word' id='word_1_165' title='bbox 126 3249 184 3310; x_wconf 85' lang='lat' dir='ltr'><strong>Uti</strong></span> <span class='ocrx_word' id='word_1_166' title='bbox 195 3225 273 3330; x_wconf 85' lang='lat' dir='ltr'><strong>frui</strong></span> <span class='ocrx_word' id='word_1_167' title='bbox 284 3251 341 3326; x_wconf 75' lang='lat' dir='ltr'><strong>jus</strong></span> <span class='ocrx_word' id='word_1_168' title='bbox 363 3249 427 3338; x_wconf 85' lang='lat' dir='ltr'><strong>sibi</strong></span> <span class='ocrx_word' id='word_1_169' title='bbox 446 3271 532 3334; x_wconf 79' lang='lat' dir='ltr'><strong>asse,</strong></span> <span class='ocrx_word' id='word_1_170' title='bbox 558 3250 647 3311; x_wconf 71' lang='lat' dir='ltr'><strong>solra</strong></span> <span class='ocrx_word' id='word_1_171' title='bbox 662 3262 768 3332; x_wconf 76' lang='lat' dir='ltr'><strong>potest</strong></span> <span class='ocrx_word' id='word_1_172' title='bbox 789 3251 968 3330; x_wconf 80' lang='lat' dir='ltr'><strong>intendere,</strong></span> <span class='ocrx_word' id='word_1_173' title='bbox 1002 3257 1058 3338; x_wconf 80' lang='lat' dir='ltr'><strong>qui</strong></span> <span class='ocrx_word' id='word_1_174' title='bbox 1077 3255 1139 3318; x_wconf 71' lang='lat' dir='ltr'><strong>ba⁴</strong></span> 
     </span>
     <span class='ocr_line' id='line_1_27' title="bbox 120 3337 1138 3438; baseline 0.004 -24"><span class='ocrx_word' id='word_1_175' title='bbox 120 3337 172 3414; x_wconf 77' lang='lat' dir='ltr'><strong>b‘er</strong></span> <span class='ocrx_word' id='word_1_176' title='bbox 199 3353 451 3434; x_wconf 74' lang='lat' dir='ltr'><strong>usumfructum,</strong></span> <span class='ocrx_word' id='word_1_177' title='bbox 493 3347 637 3416; x_wconf 74' lang='lat' dir='ltr'><strong>domiuus</strong></span> <span class='ocrx_word' id='word_1_178' title='bbox 665 3369 774 3426; x_wconf 85' lang='lat' dir='ltr'><strong>autem</strong></span> <span class='ocrx_word' id='word_1_179' title='bbox 794 3355 899 3438; x_wconf 82' lang='lat' dir='ltr'><strong>fundi</strong></span> <span class='ocrx_word' id='word_1_180' title='bbox 926 3379 990 3418; x_wconf 83' lang='lat' dir='ltr'><strong>nors</strong></span> <span class='ocrx_word' id='word_1_181' title='bbox 1014 3371 1138 3438; x_wconf 72' lang='lat' dir='ltr'><strong>potest:</strong></span> 
     </span>
     <span class='ocr_line' id='line_1_28' title="bbox 123 3457 1139 3542; baseline 0.003 -25"><span class='ocrx_word' id='word_1_182' title='bbox 123 3461 216 3539; x_wconf 79' lang='lat' dir='ltr'><strong>quia,</strong></span> <span class='ocrx_word' id='word_1_183' title='bbox 238 3458 294 3538; x_wconf 86' lang='lat' dir='ltr'><strong>qui</strong></span> <span class='ocrx_word' id='word_1_184' title='bbox 313 3457 408 3518; x_wconf 78' lang='lat' dir='ltr'><strong>habet</strong></span> <span class='ocrx_word' id='word_1_185' title='bbox 426 3461 669 3540; x_wconf 79' lang='lat' dir='ltr'><strong>proprietatem,</strong></span> <span class='ocrx_word' id='word_1_186' title='bbox 691 3460 800 3519; x_wconf 80' lang='lat' dir='ltr'><strong>utendi</strong></span> <span class='ocrx_word' id='word_1_187' title='bbox 815 3458 955 3541; x_wconf 83' lang='lat' dir='ltr'><strong>fruendi</strong></span> <span class='ocrx_word' id='word_1_188' title='bbox 962 3463 1024 3536; x_wconf 79' lang='lat' dir='ltr'><strong>jus</strong></span> <span class='ocrx_word' id='word_1_189' title='bbox 1044 3482 1139 3542; x_wconf 85' lang='lat' dir='ltr'><strong>sepa-</strong></span> 
     </span>
     <span class='ocr_line' id='line_1_29' title="bbox 125 3558 1140 3642; baseline 0.004 -22"><span class='ocrx_word' id='word_1_190' title='bbox 125 3575 232 3622; x_wconf 84' lang='lat' dir='ltr'><strong>ratum</strong></span> <span class='ocrx_word' id='word_1_191' title='bbox 252 3582 315 3622; x_wconf 83' lang='lat' dir='ltr'><strong>noa</strong></span> <span class='ocrx_word' id='word_1_192' title='bbox 335 3559 450 3636; x_wconf 76' lang='lat' dir='ltr'><strong>habet5</strong></span> <span class='ocrx_word' id='word_1_193' title='bbox 479 3581 535 3619; x_wconf 85' lang='lat' dir='ltr'><strong>nec</strong></span> <span class='ocrx_word' id='word_1_194' title='bbox 557 3561 640 3617; x_wconf 82' lang='lat' dir='ltr'><strong>cuim</strong></span> <span class='ocrx_word' id='word_1_195' title='bbox 655 3558 760 3640; x_wconf 80' lang='lat' dir='ltr'><strong>potest</strong></span> <span class='ocrx_word' id='word_1_196' title='bbox 776 3564 811 3622; x_wconf 78' lang='lat' dir='ltr'><strong>ei</strong></span> <span class='ocrx_word' id='word_1_197' title='bbox 830 3581 906 3620; x_wconf 85' lang='lat' dir='ltr'><strong>suus</strong></span> <span class='ocrx_word' id='word_1_198' title='bbox 915 3558 1047 3642; x_wconf 71' lang='lat' dir='ltr'><strong>fundus</strong></span> <span class='ocrx_word' id='word_1_199' title='bbox 1066 3583 1140 3624; x_wconf 81' lang='lat' dir='ltr'><strong>ser-</strong></span> 
     </span>
     <span class='ocr_line' id='line_1_30' title="bbox 121 3657 1140 3750; baseline 0 -24"><span class='ocrx_word' id='word_1_200' title='bbox 121 3669 199 3728; x_wconf 72' lang='lat' dir='ltr'><strong>aire.</strong></span> <span class='ocrx_word' id='word_1_201' title='bbox 241 3667 295 3728; x_wconf 84' lang='lat' dir='ltr'><strong>De</strong></span> <span class='ocrx_word' id='word_1_202' title='bbox 315 3685 370 3725; x_wconf 88' lang='lat' dir='ltr'><strong>suo</strong></span> <span class='ocrx_word' id='word_1_203' title='bbox 392 3667 491 3743; x_wconf 83' lang='lat' dir='ltr'><strong>euim,</strong></span> <span class='ocrx_word' id='word_1_204' title='bbox 514 3681 578 3724; x_wconf 81' lang='lat' dir='ltr'><strong>non</strong></span> <span class='ocrx_word' id='word_1_205' title='bbox 598 3657 638 3721; x_wconf 80' lang='lat' dir='ltr'><strong>de</strong></span> <span class='ocrx_word' id='word_1_206' title='bbox 659 3663 761 3724; x_wconf 80' lang='lat' dir='ltr'><strong>alieno</strong></span> <span class='ocrx_word' id='word_1_207' title='bbox 772 3667 852 3742; x_wconf 77' lang='lat' dir='ltr'><strong>jure</strong></span> <span class='ocrx_word' id='word_1_208' title='bbox 872 3683 1140 3750; x_wconf 77' lang='lat' dir='ltr'><strong>quumqueagsrs</strong></span> 
     </span>
     <span class='ocr_line' id='line_1_31' title="bbox 120 3767 1177 3853; baseline -0.002 -21"><span class='ocrx_word' id='word_1_209' title='bbox 120 3781 249 3853; x_wconf 82' lang='lat' dir='ltr'><strong>oportet.</strong></span> <span class='ocrx_word' id='word_1_210' title='bbox 294 3771 497 3850; x_wconf 83' lang='lat' dir='ltr'><strong>Quamquam</strong></span> <span class='ocrx_word' id='word_1_211' title='bbox 517 3768 600 3827; x_wconf 82' lang='lat' dir='ltr'><strong>mim</strong></span> <span class='ocrx_word' id='word_1_212' title='bbox 628 3768 711 3828; x_wconf 85' lang='lat' dir='ltr'><strong>actio</strong></span> <span class='ocrx_word' id='word_1_213' title='bbox 734 3773 884 3850; x_wconf 69' lang='lat' dir='ltr'><strong>negativa</strong></span> <span class='ocrx_word' id='word_1_214' title='bbox 912 3767 1036 3830; x_wconf 80' lang='lat' dir='ltr'><strong>dontius</strong></span> <span class='ocrx_word' id='word_1_215' title='bbox 1058 3791 1139 3831; x_wconf 85' lang='lat' dir='ltr'><strong>com·</strong></span> <span class='ocrx_word' id='word_1_216' title='bbox 1175 3803 1177 3810; x_wconf 31' lang='grc' dir='ltr'><em>ι</em></span> 
     </span>
     <span class='ocr_line' id='line_1_32' title="bbox 115 3869 1140 3960; baseline -0.001 -25"><span class='ocrx_word' id='word_1_217' title='bbox 115 3885 209 3958; x_wconf 79' lang='lat' dir='ltr'><strong>petat</strong></span> <span class='ocrx_word' id='word_1_218' title='bbox 229 3874 380 3960; x_wconf 63' lang='lat' dir='ltr'><strong>adversus</strong></span> <span class='ocrx_word' id='word_1_219' title='bbox 392 3872 638 3954; x_wconf 78' lang='lat' dir='ltr'><strong>fructuarium,</strong></span> <span class='ocrx_word' id='word_1_220' title='bbox 680 3873 784 3952; x_wconf 81' lang='lat' dir='ltr'><strong>magis</strong></span> <span class='ocrx_word' id='word_1_221' title='bbox 804 3885 910 3933; x_wconf 79' lang='lat' dir='ltr'><strong>tamen</strong></span> <span class='ocrx_word' id='word_1_222' title='bbox 930 3869 970 3931; x_wconf 80' lang='lat' dir='ltr'><strong>ds</strong></span> <span class='ocrx_word' id='word_1_223' title='bbox 990 3893 1045 3935; x_wconf 88' lang='lat' dir='ltr'><strong>suo</strong></span> <span class='ocrx_word' id='word_1_224' title='bbox 1061 3879 1140 3950; x_wconf 78' lang='lat' dir='ltr'><strong>jure</strong></span> 
     </span>
     <span class='ocr_line' id='line_1_33' title="bbox 121 3975 1179 4062; baseline -0.003 -22"><span class='ocrx_word' id='word_1_225' title='bbox 121 3999 219 4062; x_wconf 77' lang='lat' dir='ltr'><strong>agere</strong></span> <span class='ocrx_word' id='word_1_226' title='bbox 240 3975 383 4058; x_wconf 74' lang='lat' dir='ltr'><strong>videtur,</strong></span> <span class='ocrx_word' id='word_1_227' title='bbox 413 3997 509 4060; x_wconf 86' lang='lat' dir='ltr'><strong>quam</strong></span> <span class='ocrx_word' id='word_1_228' title='bbox 529 3977 649 4054; x_wconf 81' lang='lat' dir='ltr'><strong>aliano,</strong></span> <span class='ocrx_word' id='word_1_229' title='bbox 680 3995 777 4056; x_wconf 81' lang='lat' dir='ltr'><strong>quum</strong></span> <span class='ocrx_word' id='word_1_230' title='bbox 796 3978 897 4036; x_wconf 71' lang='lat' dir='ltr'><strong>inuito</strong></span> <span class='ocrx_word' id='word_1_231' title='bbox 917 3997 952 4036; x_wconf 87' lang='lat' dir='ltr'><strong>ss</strong></span> <span class='ocrx_word' id='word_1_232' title='bbox 970 3991 1067 4060; x_wconf 82' lang='lat' dir='ltr'><strong>negat</strong></span> <span class='ocrx_word' id='word_1_233' title='bbox 1077 3981 1139 4055; x_wconf 77' lang='lat' dir='ltr'><strong>jus</strong></span> <span class='ocrx_word' id='word_1_234' title='bbox 1176 3975 1179 3982; x_wconf 72' lang='grc'><em>’</em></span> 
     </span>
     <span class='ocr_line' id='line_1_34' title="bbox 121 4079 1137 4161; baseline -0.003 -17"><span class='ocrx_word' id='word_1_235' title='bbox 121 4103 189 4144; x_wconf 86' lang='lat' dir='ltr'><strong>esse</strong></span> <span class='ocrx_word' id='word_1_236' title='bbox 225 4079 333 4142; x_wconf 80' lang='lat' dir='ltr'><strong>utendi</strong></span> <span class='ocrx_word' id='word_1_237' title='bbox 359 4081 548 4161; x_wconf 77' lang='lat' dir='ltr'><strong>fructuario</strong></span> <span class='ocrx_word' id='word_1_238' title='bbox 582 4079 635 4142; x_wconf 76' lang='lat' dir='ltr'><strong>uel</strong></span> <span class='ocrx_word' id='word_1_239' title='bbox 668 4079 731 4140; x_wconf 85' lang='lat' dir='ltr'><strong>sibi</strong></span> <span class='ocrx_word' id='word_1_240' title='bbox 754 4099 822 4140; x_wconf 76' lang='lat' dir='ltr'><strong>esse</strong></span> <span class='ocrx_word' id='word_1_241' title='bbox 852 4083 907 4148; x_wconf 82' lang='lat' dir='ltr'><strong>ius</strong></span> <span class='ocrx_word' id='word_1_242' title='bbox 927 4118 929 4126; x_wconf 89' lang='lat'>·</span> <span class='ocrx_word' id='word_1_243' title='bbox 937 4079 1137 4161; x_wconf 73' lang='lat' dir='ltr'><strong>prohibendi.</strong></span> 
     </span>
     <span class='ocr_line' id='line_1_35' title="bbox 122 4179 1136 4266; baseline -0.002 -22"><span class='ocrx_word' id='word_1_244' title='bbox 122 4184 242 4264; x_wconf 83' lang='lat' dir='ltr'><strong>Quodsi</strong></span> <span class='ocrx_word' id='word_1_245' title='bbox 253 4182 361 4264; x_wconf 80' lang='lat' dir='ltr'><strong>forte,</strong></span> <span class='ocrx_word' id='word_1_246' title='bbox 403 4187 460 4266; x_wconf 84' lang='lat' dir='ltr'><strong>qui</strong></span> <span class='ocrx_word' id='word_1_247' title='bbox 481 4185 567 4265; x_wconf 76' lang='lat' dir='ltr'><strong>agit,</strong></span> <span class='ocrx_word' id='word_1_248' title='bbox 607 4179 754 4244; x_wconf 82' lang='lat' dir='ltr'><strong>dominus</strong></span> <span class='ocrx_word' id='word_1_249' title='bbox 770 4186 978 4264; x_wconf 81' lang='lat' dir='ltr'><strong>proprietatis</strong></span> <span class='ocrx_word' id='word_1_250' title='bbox 998 4193 1062 4241; x_wconf 72' lang='lat' dir='ltr'><strong>usu</strong></span> <span class='ocrx_word' id='word_1_251' title='bbox 1080 4184 1136 4256; x_wconf 79' lang='lat' dir='ltr'><strong>sit,</strong></span> 
     </span>
     <span class='ocr_line' id='line_1_36' title="bbox 122 4276 1137 4376; baseline -0.002 -28"><span class='ocrx_word' id='word_1_252' title='bbox 122 4291 266 4376; x_wconf 68' lang='lat' dir='ltr'><strong>quampis</strong></span> <span class='ocrx_word' id='word_1_253' title='bbox 276 4276 485 4369; x_wconf 65' lang='lat' dir='ltr'><strong>fructuarius</strong></span> <span class='ocrx_word' id='word_1_254' title='bbox 498 4289 558 4366; x_wconf 83' lang='lat' dir='ltr'><strong>jus</strong></span> <span class='ocrx_word' id='word_1_255' title='bbox 578 4285 700 4376; x_wconf 42' lang='lat' dir='ltr'><strong>utendi,</strong></span> <span class='ocrx_word' id='word_1_256' title='bbox 715 4304 778 4352; x_wconf 80' lang='lat' dir='ltr'><strong>nors</strong></span> <span class='ocrx_word' id='word_1_257' title='bbox 798 4281 913 4361; x_wconf 70' lang='lat' dir='ltr'><strong>taber,</strong></span> <span class='ocrx_word' id='word_1_258' title='bbox 954 4286 1058 4346; x_wconf 70' lang='lat' dir='ltr'><strong>viruit</strong></span> <span class='ocrx_word' id='word_1_259' title='bbox 1082 4297 1137 4347; x_wconf 61' lang='lat' dir='ltr'><strong>tao</strong></span> 
     </span>
    </p>
   </div>
   <div class='ocr_carea' id='block_1_8' title="bbox 0 0 1472 5068">
    <p class='ocr_par' dir='ltr' id='par_1_8' title="bbox 0 0 1472 5068">
     <span class='ocr_line' id='line_1_37' title="bbox 0 0 1472 5068; baseline 0 0"><span class='ocrx_word' id='word_1_260' title='bbox 0 0 1472 5068; x_wconf 95' lang='lat' dir='ltr'><strong> </strong></span> 
     </span>
    </p>
   </div>
  </div>
 </body>
</html>
