2960 5064
417 947 773 1044 SECTIO'
828 951 861 1042 1.

116 1148 1166 1268 oslunonsusoun'noutnulsecn

492 1272 793 1342 nouenos

442 1508 834 1528 Μ

524 1733 683 1810 Garun
733 1731 761 1810 l.

114 1883 350 1961 Diversae
398 1889 618 1961 lotorum
661 1881 717 1963 de
758 1861 963 1965 dominii
1003 1891 1172 1992 proba·

417 2021 546 2098 tione
582 2018 870 2100 sententiae,

599 2213 702 2297 §.u

112 2314 263 2426 Quoties
287 2348 329 2416 de
348 2347 494 2417 dominio
524 2354 560 2414 in
584 2351 661 2415 foro
685 2349 856 2414 hodierno
879 2345 1040 2439 litigatur',
1076 2332 1177 2424 toties¹

112 2451 281 2534 homines,
330 2457 386 2538 qui
411 2455 549 2519 dominii
574 2453 804 2538 probationem
833 2473 851 2513 e
882 2453 1077 2520 difficillimis
1106 2453 1175 2521 esse

112 2557 281 2637 ignorant,
301 2564 409 2621 solent
427 2555 557 2635 mirari,
582 2565 650 2615 tam
670 2575 747 2616 raro
771 2553 981 2620 condemnari
1000 2580 1176 2641 possesso·

112 2679 192 2721 nem.
236 2659 302 2720 Sed
316 2660 371 2740 qui
385 2661 476 2720 istius
498 2655 702 2739 probationis
718 2653 919 2720 difficultates
941 2673 1180 2742 cognoverunt·

116 2760 159 2820 ad
171 2761 388 2822 Publicianam
401 2761 512 2841 potius
534 2760 694 2821 actionem
716 2757 929 2842 confugiunt,
950 2783 1014 2844 qua
1037 2774 1181 2844 sperant,

115 2863 209 2940 fore,
229 2871 267 2921 ut
280 2862 407 2922 facilius
422 2861 594 2922 victoriam
611 2870 799 2943 reportent,
820 2881 915 2942 quam
936 2873 975 2924 ut
995 2862 1045 2925 rei
1065 2864 1181 2938 vindi÷

40 3003 44 3014 ·
116 2965 245 3052 catione
267 2969 410 3022 utantur.
452 2958 567 3042 Neque
589 2980 671 3022 vero
695 2959 898 3024 difficultates
918 2965 1044 3041 solnm,
1063 2964 1180 3045 quibus

117 3067 254 3130 dominii
273 3062 427 3147 probatio
451 3062 564 3145 juncta
586 3079 657 3123 esse
676 3064 775 3146 vulgo
800 3065 925 3144 fertur,
948 3065 1181 3129 verumetiam

113 3169 266 3232 ICtorum
290 3167 331 3229 de
349 3165 485 3227 materia
504 3161 602 3248 hujus
628 3163 834 3246 probationis
856 3164 1031 3247 dissensus,
1053 3165 1181 3249 petito-

114 3272 162 3334 ris
182 3292 253 3334 rem
271 3267 467 3332 vindicantis
489 3266 662 3329 victoriam
686 3267 832 3328 reddunt
858 3267 998 3330 dubiam.
1042 3265 1180 3330 Utrum-

114 3397 180 3457 que
202 3383 311 3435 tamen
333 3392 402 3431 non
420 3380 489 3432 tum
514 3367 676 3444 cernitur,
719 3389 819 3451 quum
853 3369 979 3451 petitor
1005 3370 1181 3452 suiipsius
1253 3413 1261 3424 -

113 3479 213 3552 iacto,
233 3471 340 3535 veluti
354 3471 566 3552 occupatione
582 3469 642 3530 vel
659 3472 857 3544 accessione,
871 3469 1050 3548 contendit,
1072 3472 1182 3533 domi·

116 3578 208 3641 nium
225 3591 296 3634 sese
310 3571 529 3650 acquisivisse.
568 3567 653 3627 Tum
667 3569 753 3628 enim
774 3569 841 3630 hoc
859 3568 944 3629 sacto
959 3571 1100 3651 probato
1117 3570 1182 3633 do·

116 3676 211 3742 minii
237 3670 468 3757 probationem
491 3685 561 3729 esse
589 3667 789 3748 absolutam,
828 3668 865 3730 in
901 3689 940 3731 eo
973 3691 1085 3734 omnes
1115 3669 1181 3736 leti

117 3776 337 3843 consentiunt
386 3772 430 3833 At
451 3783 550 3848 vero,
592 3769 713 3852 siquis
736 3777 914 3854 propterea
935 3791 1005 3836 rem
1026 3773 1182 3850 vindicat,
1209 3851 1211 3854 v

119 3876 210 3964 quod
237 3877 308 3962 ejus
339 3871 575 3956 proprietatem
602 3874 642 3936 ab
672 3872 739 3934 alio
768 3873 804 3935 in
831 3893 867 3935 sc
895 3875 1083 3946 translatam
1110 3893 1181 3936 esse

120 3981 269 4056 affirmat,
308 3975 387 4058 qnid
409 3974 448 4034 ab
475 3993 514 4036 eo
545 3976 680 4053 probari
708 3975 841 4052 debeat,
879 3975 979 4038 valde
1004 3976 1181 4039 dubitetur.

121 4081 220 4164 Cujus
235 4079 397 4140 dissensus
412 4078 548 4158 vestigia
566 4076 671 4157 prima
688 4075 759 4158 jam·
772 4077 808 4137 in
822 4073 940 4137 Glossa
959 4078 1181 4158 reperiuntur.

122 4180 178 4242 Sic
200 4179 242 4242 ad
260 4182 300 4240 L.
318 4184 348 4238 1.
360 4199 412 4257 pr.
427 4181 471 4240 D.
486 4178 525 4238 ds
537 4177 731 4240 Publice'una
752 4177 789 4238 iu
809 4197 876 4238 rem
895 4175 1029 4242 actione.
1072 4174 1125 4236 vt:
1145 4177 1177 4239 2.

124 4281 163 4346 ab
186 4279 348 4344 Δοοπυιο
370 4277 449 4345 haec
467 4286 642 4351 noeentum,

950 4374 972 4442 ¹
