2960 5064
1099 351 1150 442 27

14 612 19 628 .
94 584 197 659 terea,
221 582 259 636 ut
278 571 343 638 boc
369 592 438 634 nou
458 570 625 653 ignorasse
644 568 846 634 demonstret
865 566 1057 650 petitorem,
1085 591 1155 634 non

13 703 18 739 ι
95 678 231 740 omnino
254 676 377 739 sufficit.
442 671 525 736 Nam
545 693 587 736 ne
608 673 643 733 in
661 668 847 732 Publiciana
874 667 1003 752 quidem
1026 671 1153 734 acdona

94 781 171 842 sola
188 780 275 841 bona
294 778 376 842 fides
411 775 530 850 actoris
555 774 652 838 efficit
675 770 875 854 possessoris
905 770 1154 834 condemnatio-

94 901 192 943 nem:
212 883 277 945 imo
301 882 388 946 mala
406 879 489 942 fides
509 875 668 954 auctoris,
696 894 716 934 a
737 892 801 954 quo
830 880 923 933 actor
943 891 1069 937 oausam
1090 876 1153 938 ha..

13 963 14 968 ἵ
94 985 153 1044 bet
172 984 382 1065 possidendi,
404 984 515 1045 abesse
536 980 642 1041 debet.
689 975 848 1058 Alioquin
864 993 939 1034 reue
959 975 1153 1046 absolvitur.

12 1077 13 1086 ¹
94 1083 197 1158 Quod
218 1107 294 1146 cum
316 1085 361 1147 ita
381 1086 439 1162 sit,
460 1083 496 1144 in
517 1084 569 1145 rei
589 1079 810 1144 vindicatione
828 1085 966 1155 tantum,
987 1099 1048 1140 nec
1070 1103 1153 1148 vero

93 1185 132 1247 in
150 1186 338 1260 Publiciana
366 1187 507 1250 rumoris
539 1178 774 1268 respiciendam
807 1199 878 1242 esse
903 1183 1155 1266 possessionem,

94 1288 151 1350 Ili.
180 1284 333 1350 'sumana
363 1288 503 1351 concedi
533 1307 603 1350 non
631 1293 752 1369 potest.
815 1280 853 1343 ln
881 1291 1017 1364 utraque
1042 1290 1154 1369 potius

97 1387 225 1449 actione
250 1392 389 1454 auctoris
411 1390 496 1452 ratio
522 1389 672 1452 habenda
695 1394 760 1466 eat,
806 1395 838 1448 et
860 1382 1086 1468 illudtsolum,
1100 1389 1155 1451 iu..

95 1498 212 1566 terest,
248 1495 338 1575 quod
359 1493 501 1576 petitor,
539 1490 596 1573 qui
616 1489 797 1552 vindicavit
819 1507 906 1567 rem,
939 1479 1099 1570 vincitur,
1127 1492 1156 1553 si

95 1601 210 1656 auctor
230 1596 381 1659 domiuus
402 1617 472 1658 non
491 1595 573 1670 suit3
595 1591 783 1654 Publiciana
805 1591 932 1652 actione
953 1598 1059 1651 autem
1078 1613 1157 1668 usus¹

94 1692 235 1758 inferior
259 1698 413 1777 discedit,
435 1699 464 1762 si
486 1707 601 1761 auctor
623 1694 726 1760 malae
750 1692 828 1755 fidei
844 1711 1020 1776 possessor
1041 1693 1115 1762 suit.

555 1886 588 1970 a.
630 1882 685 1948 ao.

184 2003 284 2077 Quod
300 2002 439 2088 denique
453 2007 605 2088 probatio
625 2002 762 2068 dominii
781 2000 923 2062 auctoris
948 2000 1067 2062 dicitur
1086 2020 1157 2065 essa

97 2103 299 2187 difficillima,
327 2128 443 2171 verum
468 2109 598 2190 quidem
622 2119 689 2170 est:
727 2125 788 2167 neo
809 2122 891 2164 vero
917 2101 1070 2164 debemus
1091 2125 1158 2165 no..

95 2208 146 2268 bis
164 2210 382 2294 persuadere,
416 2212 545 2275 facilius
568 2211 747 2274 dominium
768 2224 868 2289 posse
887 2208 1039 2289 probari,
1076 2208 1104 2268 si
1123 2207 1159 2268 in

81 2308 310 2373 ,Tbibautiana
344 2315 505 2377 sententia
538 2313 806 2396 acquieverimus.
870 2305 932 2372 Fac
970 2309 1158 2372 Publiciana

93 2433 189 2472 usum
215 2433 286 2474 esse
306 2415 456 2498 aliquem,
477 2418 619 2500 ideoque
640 2415 825 2479 discessisse
845 2411 1047 2492 inferiorem,
1068 2413 1159 2495 quod

93 2534 267 2596 possessor
289 2537 325 2578 se
349 2539 496 2600 quoque,
526 2520 621 2582 sicuti
639 2520 832 2603 petitorem,
854 2515 942 2576 bona
961 2516 1027 2578 fide
1052 2525 1085 2578 et
1100 2517 1162 2600 jud

96 2625 147 2677 sto
170 2617 269 2677 titulo
299 2641 370 2682 rem
391 2623 599 2704 acquisivisse
625 2622 828 2705 probaverit.
888 2620 1049 2683 Absoluta
1074 2614 1159 2702 pos'-

98 2721 244 2795 sessore,
287 2722 370 2784 nihil
396 2725 487 2785 aliud
508 2735 658 2808 superest
675 2711 829 2809 petitori,
869 2743 965 2804 quam
986 2733 1024 2784 ut
1044 2722 1087 2783 ad
1109 2723 1160 2786 rei
1234 2790 1235 2794 ,

98 2818 354 2884 vindicationem
383 2827 533 2904 refugiat.
594 2825 667 2900 Qua
693 2826 843 2887 instituta
869 2845 957 2886 nunc
980 2825 1159 2901 videamus,

99 2921 179 3002 quid
204 2925 244 2986 ab
273 2943 313 2984 eo
343 2943 386 2984 ex
418 2928 471 2990 Ill.
500 2925 655 2987 Tarraca
685 2927 845 2987 sententia
873 2927 1081 3008 probandum
1111 2927 1161 2989 sit.

98 3023 238 3106 Utrique
266 3027 441 3108 litigatori,
483 3027 540 3109 qui
560 3028 627 3110 jam
659 3037 753 3088 antea
775 3028 911 3089 modum
939 3027 1160 3110 acquisitionis

99 3127 353 3210 demonstravit,
396 3130 488 3193 favet
508 3129 709 3214 praesumtio
735 3130 872 3195 dominii
893 3140 1072 3192 anctorum.
1117 3127 1161 3189 Ut

98 3249 177 3311 ergo
197 3233 323 3313 petitor
343 3233 518 3297 victoriam
538 3242 712 3315 reportare
733 3235 857 3316 possit,
877 3232 1079 3319 possessoris
1100 3251 1162 3294 au-

98 3345 223 3398 ctorem
251 3337 448 3398 nonsnisse
484 3335 653 3397 dominum
686 3339 830 3420 probare
870 3338 985 3399 debet:
1027 3335 1114 3396 idem
1142 3355 1162 3396 a

99 3455 291 3514 possessore
312 3449 427 3500 contra
444 3439 596 3519 petitoris
615 3450 782 3500 auctorem
804 3440 934 3501 ostendi
953 3447 1097 3520 oportet,
1118 3455 1161 3498 ne

101 3539 263 3598 sententia
284 3538 530 3600 condemnetur.
571 3535 666 3599 Unde
697 3540 821 3600 duabus
848 3527 1097 3623 probationibus
1128 3550 1162 3601 et

102 3638 227 3700 duabus
247 3639 406 3700 contrarii
426 3639 676 3720 probationibus
706 3661 789 3721 opus
818 3651 885 3722 est,
928 3649 966 3701 nt
993 3642 1035 3703 ad
1062 3635 1161 3706 finem

99 3761 153 3805 res
171 3741 311 3824 perduci
329 3740 455 3824 possit:
491 3741 606 3822 quibus
630 3742 669 3805 ab
692 3751 832 3828 utroque
862 3743 1028 3826 litigatore
1045 3745 1162 3828 perse-

101 3845 160 3907 otis
183 3855 290 3907 tamen
310 3845 458 3906 nondum
478 3856 568 3908 certo
592 3855 734 3926 constat,
754 3858 864 3911 utrum
883 3849 1005 3931 petitor
1026 3868 1066 3910 an
1078 3867 1162 3928 pos-

102 3968 213 4010 sessor
243 3967 363 4010 revera
392 3947 515 4030 lrabeat¹
535 3949 586 4010 rei
615 3952 860 4030 proprietatem.
928 3949 1036 4022 Quum
1074 3947 1160 4008 enim

102 4051 274 4130 utriusque
300 4059 448 4111 auctores
470 4049 595 4112 domini
618 4071 687 4113 non
712 4055 792 4134 sint,
838 4063 975 4132 utraque
996 4069 1072 4130 pars
1094 4049 1160 4107 do-

102 4153 236 4214 minium
256 4151 306 4213 rei
328 4151 448 4213 habere
469 4171 538 4213 non
566 4163 694 4234 potest;
735 4176 841 4237 neque
871 4156 935 4216 alia
960 4151 1089 4214 ratione
1118 4147 1160 4206 lis

102 4253 253 4328 finietur,
288 4254 352 4318 nisi
374 4274 427 4331 ea,
458 4263 496 4315 ut
516 4255 552 4316 in
572 4251 644 4336 peri
666 4277 760 4321 cansa
778 4279 841 4341 pro
864 4270 1057 4342 possessore
1076 4269 1160 4332 pro·
1242 4283 1250 4293 -
